2626 4792
338 162 347 179 ’
429 175 499 249 AD
524 173 900 251 PROMETHEUM.
1201 182 1225 249 7

49 378 52 420 ι
107 348 337 435 explicatione
348 348 430 432 quid
448 349 558 415 dicam
570 347 688 414 aliud?
716 370 818 435 quam
839 346 938 416 nullo
956 367 1030 413 eam
1045 362 1147 437 pacto
1162 352 1224 415 ad-

105 437 194 499 mitti
215 453 334 522 posse,
361 445 434 497 turn
454 435 546 517 quod
569 432 762 500 dissimulet
779 435 879 521 plane
901 430 1074 517 trintina,
1103 446 1139 500 et
1153 458 1222 521 quo

106 518 245 598 addito,
278 520 389 583 omnis
412 518 633 605 denegabitur
663 520 728 584 diis
749 522 908 598 beatitas,
943 520 1154 603 quodquam
1176 525 1222 587 sit

107 604 254 675 alienum
273 623 293 666 a
313 622 522 689 paganorum
543 605 585 668 de
605 604 671 668 diis
688 608 758 669 suis
779 608 958 692 opinione,
987 608 1063 689 quis
1081 625 1151 669 non
1167 610 1222 672 vi-

107 685 186 753 det?
207 700 282 752 turn
297 689 389 773 quod
404 689 449 752 de
464 693 547 754 artis
560 686 736 767 molestia,
764 694 831 754 nisi
845 701 1011 773 quatenus
1023 709 1063 753 ea
1076 691 1220 776 cogeba-

105 785 160 837 tur
176 774 268 839 lovis
282 777 373 838 iussa
394 778 535 857 exsequi
555 773 725 851 Vulcanus
744 796 787 839 ne
802 781 864 860 »γρῦ
884 774 1040 859 quidem3
1067 785 1220 839 ceterum

105 859 173 922 lovi
189 859 373 923 obediendi
390 864 625 924 necessitatem
646 880 752 942 usque
772 858 920 925 inculcat
935 858 1071 936 Robur,
1099 864 1220 945 queri-

104 952 161 1005 tur
178 938 249 1006 ille.
300 942 492 1007 Videantur
514 944 617 1009 modo
637 963 720 1027 quae
734 944 952 1033 praecedunt.
1003 942 1119 1026 Quare
1141 965 1219 1009 cum

65 1052 69 1061 ·
105 1031 215 1093 omnis
229 1026 296 1091 loci
309 1023 491 1094 difficultas
506 1031 650 1094 resideat
667 1033 703 1092 in
715 1027 872 1114 ἐπράχθη,
895 1027 988 1114 quod
1003 1050 1067 1092 nec
1079 1048 1142 1113 ego
1157 1050 1219 1094 ex-

105 1126 205 1199 pnto,
237 1117 285 1176 ita
309 1116 367 1195 qui
390 1112 552 1199 explicari
571 1118 699 1200 possit,
732 1116 775 1179 de
796 1137 837 1179 eo
862 1116 1054 1179 accuratius
1075 1114 1132 1178 hic
1153 1117 1220 1180 erit

105 1199 279 1283 agendum.
330 1198 384 1261 Ad
405 1196 611 1263 scholiastae
632 1200 724 1284 quod
742 1203 885 1277 attinet,
908 1199 1066 1263 audacter
1083 1218 1218 1267 asseve-

106 1302 177 1347 rare
190 1286 320 1363 ausim,
342 1302 402 1347 eos
416 1296 473 1347 aut
488 1282 588 1349 aliam
600 1306 717 1349 vocem
734 1290 920 1370 reperisse,
949 1304 1050 1369 quam
1063 1304 1218 1371 expone-

104 1377 200 1445 rent,
216 1380 274 1431 aut
292 1387 363 1431 nou
381 1366 611 1449 intellexisse,
641 1390 707 1454 qua
724 1374 849 1437 virtute
862 1373 900 1436 ἐπ
921 1367 1008 1453 ἄχθη
1022 1367 1216 1435 adhibuerit

96 1458 268 1537 ,tragicus3
297 1475 442 1538 cumque
461 1452 516 1522 vel
536 1452 720 1541 legissent,
747 1453 800 1522 vel
824 1478 869 1521 ex
885 1396 959 1520 aliis
978 1457 1107 1520 criticis
1122 1454 1217 1518 didi-

103 1541 226 1611 cissent
243 1538 390 1607 ¹deorum
407 1559 550 1603 munera
579 1540 642 1603 fati
669 1540 832 1605 beneficio
854 1560 899 1606 ex
923 1550 1104 1628 poetarum
1122 1542 1216 1605 scitis

103 1622 290 1710 possideri,
318 1645 382 1703 nec
405 1622 553 1688 alienum
575 1623 642 1689 hoc
660 1645 734 1691 esse
747 1626 939 1695 iudicarent
952 1628 994 1689 ab
1014 1628 1216 1712 responsio-¹

103 1712 151 1773 nis
162 1717 298 1789 mente,
319 1712 368 1773 ita
382 1706 599 1795 explicuisse,
621 1722 782 1794 tanquam
795 1731 914 1776 revera
927 1732 1044 1777 rocem
1062 1714 1214 1777 iuvenis·
1233 1748 1239 1763 ·

97 1804 191 1871 sent,
214 1796 270 1855 cui
282 1797 348 1858 ista
362 1799 459 1859 notio
472 1799 680 1861 conveniret.
728 1797 768 1860 ln
783 1817 882 1881 quam
897 1800 1097 1880 opinionem
1110 1795 1215 1861 duce-

103 1877 310 1957 mutuentur
331 1883 435 1944 verba
449 1879 564 1944 Schol.
579 1886 624 1947 A.
647 1881 728 1956 τινές
744 1905 849 1965 φασιν.
899 1880 966 1945 Sed
993 1890 1093 1944 erunt
1112 1898 1216 1966 prae,-

102 1962 215 2039 tideo‚
245 1966 322 2047 qui,
355 1965 447 2048 quod
459 1962 579 2029 banci
604 1968 777 2029 norantiae
792 1976 910 2030 notam
928 1969 1056 2029 criticis
1067 1970 1216 2033 inustam

105 2046 227 2129 nohnt,
255 2047 355 2113 aliter
375 2060 434 2115 eos
456 1987 710 2137 potiuslegisse
725 2048 949 2130 contendent'3
976 2052 1012 2113 in
1034 2052 1158 2133 quibus
1180 2061 1215 2113 et

102 2136 169 2221 ipse
183 2132 307 2201 lubens
321 2154 445 2199 nomen
461 2134 641 2221 profiterer
654 2158 787 2215 meum,
815 2137 883 2203 nisi
897 2133 960 2199 alia
974 2131 991 2223 Η
1006 2138 1119 2227 omnia
1133 2144 1256 2199 sen-to

102 2225 159 2283 tire
182 2220 341 2285 suaderet
363 2219 661 2286 difficultasillico
680 2222 879 2303 indicandam
901 2223 1028 2305 absque
1044 2238 1110 2301 qua
1124 2232 1214 2284 esset

99 2302 190 2373 hunc
210 2308 249 2369 in
272 2304 411 2371 modum
426 2310 530 2371 crisin
547 2310 780 2373 instituerem:
810 2319 940 2373 certum
955 2304 1214 2373 videri-ueteres

99 2394 241 2455 criticos
253 2391 355 2467 aliam
370 2396 697 2465 voceminvenisse.¹
736 2389 876 2456 Nullam
893 2394 1037 2539 propius
1056 2390 1098 2454 ad
1116 2408 1212 2455 rece·
1230 2450 1235 2457 .

96 2487 188 2560 ptam
200 2474 387 2540 lectionem
399 2476 581 2557 accedere,
608 2475 859 2562 metrilegibus
878 2480 958 2543 satis
975 2496 1090 2552 acere,
1112 2488 1212 2558 atquc

93 2565 149 2625 ita.
162 2564 291 2648 exponi
309 2565 481 2648 potuisse,
538 2582 613 2626 uam
634 2560 785 2649 ἐπρώᾶη,
821 2562 913 2647 quod
933 2583 1010 2626 cum
1026 2563 1136 2625 nimis:
1149 2564 1214 2623 de»

95 2650 189 2712 vium
211 2660 320 2727 esset,
351 2670 415 2711 nec
438 2584 669 2734 intelligerent
688 2648 838 2728 librarii,
871 2651 912 2713 iu
934 2648 1047 2712 ubivis
1074 2646 1214 2711 obelum

94 2730 243 2815 ἐπράχθη
261 2750 354 2796 more
369 2752 431 2797 suo
446 2745 681 2800 commutasse.
727 2733 848 2813 Fuisse
863 2742 977 2797 autem
994 2742 1130 2818 praeter
1145 2750 1214 2795 no·

92 2819 267 2881 tissimum
289 2820 503 2901 ulnporcret
521 2820 723 2905 πεπρωμένον
743 2819 845 2899 ἐστίν,
877 2816 942 2881 alia
961 2820 1045 2881 item
1058 2828 1215 2901 tempora

93 2899 293 2985 rerbinpo'o
314 2901 398 2967 clim
422 2906 567 2985 usitata,
591 2926 635 2971 ne
657 2904 856 2969 dubitemus
877 2902 990 2967 iacere
1005 2901 1213 2988 Hesychium

93 2998 129 3050 et
143 2987 304 3068 Suidam,
325 2992 383 3072 qui
397 3002 430 3053 et
442 2988 580 3073 ἕπρωσεν
593 3000 786 3074 agnoscant.
827 2987 998 3053 Adderem
1007 3034 1017 3066 ,
1040 3006 1140 3072 quam
1155 3006 1214 3049 re-

87 3084 151 3135 cte
176 3073 406 3160 explicuerint
427 3073 541 3139 Schol.
562 3096 626 3159 per
644 3094 748 3140 voces
770 3070 917 3158 ὥρισται,
951 3064 1152 3151 rethores„
1170 3090 1214 3135 ex

94 3156 219 3221 eodem
237 3172 412 3247 patescere
429 3158 602 3249 Hesychio
623 3160 745 3224 iisdem
762 3168 886 3239 utente¹
899 3161 935 3222 in
951 3156 1155 3245 exponendo
1168 3161 1214 3243 τῷ

92 3242 264 3327 πέπρωται.
325 3244 453 3307 Verum
477 3266 553 3308 cnm
574 3245 652 3309 loco
676 3246 1011 3323 convenientissima,
1045 3245 1215 3327 nimisque

94 3328 199 3391 docta
216 3326 310 3391 mihi'
326 3330 480 3395 videatur
502 3329 605 3395 lectio
624 3329 778 3413 vulgata,
814 3349 916 3415 quam
940 3339 978 3391 ut
998 3329 1039 3390 ab
1054 3330 1214 3414 imperita

94 3418 352 3479 amanuensium
373 3418 511 3479 natione
532 3434 606 3478 eam
621 3412 705 3478 mihi
726 3412 917 3501 proiectam
931 3414 1137 3501 persuadere
1150 3432 1214 3479 va-

92 3495 203 3577 leam,
232 3518 302 3563 non
317 3498 436 3581 video,
466 3520 532 3584 qua
546 3500 610 3563 alia
623 3504 757 3565 ratione
779 3499 960 3575 acciderit,
987 3511 1028 3562 ut
1039 3503 1227 3563 notionem·

93 3584 304 3666 tribuerent,
332 3584 417 3648 mihi
435 3586 599 3671 perinde,
633 3599 735 3668 atque
766 3582 809 3647 cl.
832 3584 984 3650 Stanl'eio
1009 3594 1213 3669 suspectam,

93 3688 198 3751 quam
212 3673 309 3752 quia,
327 3682 367 3733 ut
382 3669 470 3751 dixi,
490 3672 563 3734 non
574 3671 841 3754 adsequerentur
855 3672 922 3735 rim
938 3672 1050 3745 verbi,
1071 3677 1106 3730 et
1121 3663 1213 3742 hinc,

91 3766 136 3817 nt
149 3763 313 3841 poterant
321 3804 331 3835 ,
361 3759 679 3843 interpretarentur.
729 3754 813 3830 vet,
833 3760 918 3838 quae
932 3753 1004 3827 sola
1017 3772 1082 3839 pro
1100 3750 1213 3815 Sobo-

93 3836 205 3903 liastis
219 3838 343 3903 adferri
359 3854 476 3929 posset
490 3844 681 3921 excusatio,
704 3840 886 3904 dicendum
901 3838 1011 3918 foret,
1035 3837 1117 3901 duas
1131 3834 1213 3899 olim

95 3922 198 3987 huius
220 3925 381 3989 dramatis
403 3925 540 4000 ἐκδόσεις
552 3929 592 3988 ab
608 3929 685 4010 ipso
700 3936 840 3989 auctore
860 3926 1043 4011 prodiisse,
1070 3940 1212 4005 quarum

94 4010 133 4070 in
156 4008 281 4090 altera,
322 4014 418 4076 cuius
449 4011 661 4097 apographus
695 4013 877 4074 habuerint
910 4010 1038 4084 critici,
1079 4008 1212 4072 dederit
1264 4072 1267 4077 ,

95 4091 249 4176 inscidat,
277 4092 401 4175 altera,
428 4100 519 4183 quod
543 4117 634 4160 nunc
657 4095 820 4184 legimus,
838 4093 856 4184 ΙΙ
879 4089 1033 4177 ἐπράχθη.
1056 4130 1066 4162 ·.
1082 4092 1134 4156 lta
1149 4110 1254 4162 auen

94 4190 168 4243 tem
186 4188 224 4242 ut
242 4192 388 4243 statuam
408 4186 497 4248 varia
517 4182 669 4247 suadent.
720 4180 832 4265 Fingit
847 4182 938 4242 enim
951 4174 1211 4265 Aeschylusre-

97 4284 205 4349 gnum
224 4266 295 4331 lori
315 4264 397 4330 dolo
416 4280 451 4332 et
472 4262 614 4332 occultis
635 4270 740 4355 magis
756 4262 1079 4339 machinationibus,
1111 4281 1211 4343 quam
1297 4327 1301 4335 ,

98 4351 132 4416 vi
149 4361 284 4438 partum
299 4370 347 4418 vs.
361 4352 554 4419 too-214.
574 4372 681 4439 eoque
693 4353 842 4440 potitum
857 4348 988 4428 lovem,
1014 4346 1058 4411 de
1070 4340 1143 4409 fato
1162 4341 1212 4409 al-
