2626 4792
410 196 480 273 AD
504 194 881 277 PROMETHEUM.
1149 200 1203 274 29

98 392 212 460 nempe
225 374 263 435 in
276 372 389 437 verbis
402 369 602 455 quibusdam
616 390 700 434 usus
714 371 822 440 futuri
834 372 982 435 tertiiita
994 368 1152 451 invaluit,
1162 380 1202 435 ut

94 458 466 607 autumn
480 452 1203 607 uzu⁵ms‘miserturum

93 629 199 693 scribe
206 589 334 691 itidem
346 566 486 710 *gfff
500 589 641 689 Parcius
654 563 930 693 udntddffcdld.
975 564 1203 691 lidrodotdib.

91 706 511 796 111.ο.69.’ἄρισονιιοιοῡ
529 708 569 773 τὰ
584 701 650 775 ὦτα
673 720 706 775 et
724 709 806 773 ibid.
824 710 929 803 ἤφασε
945 710 986 775 τὰ
1000 704 1076 783 ὦτα.
1123 710 1202 773 Non

90 796 189 949 ρροίρ
202 800 362 908 usitatior
377 817 444 858 vox
464 796 585 901 media.
600 794 721 901 ξορας.
735 799 833 903 epist.
853 799 923 860 138.
938 802 1073 881 πρᾶγμα
1082 793 1205 876 ἄμαχον

90 906 265 1035 nilis?
277 903 554 1029 „tiltwtli
569 881 1248 1053 ,ttlli'lttttllnqtitillat}s

89 1058 227 1141 φῦνται,
246 1014 331 1116 {itti
348 1014 391 1115 da’
411 988 533 1133 ίτίροιν.
555 1010 564 1028 ·
600 1012 607 1030 ⁸
842 990 861 1053 ρ
979 990 996 1042 ς
1188 1092 1192 1101 ,

173 1138 235 1200 Vs.
255 1137 329 1200 852.
382 1136 493 1200 Verba
513 1132 628 1199 Schol.
641 1134 680 1198 A.
700 1155 720 1198 a
741 1133 800 1199 lin.
821 1136 852 1199 5.
881 1137 923 1199 ad
948 1137 978 1199 7.
997 1139 1046 1227 ita
1066 1134 1205 1197 turbata

90 1232 186 1302 sunt,
215 1234 255 1284 ut
267 1243 330 1285 neo
351 1233 453 1307 caput
471 1242 533 1283 nec
553 1219 657 1304 pedes
674 1218 834 1304 habeant3
861 1221 921 1285 sed
939 1219 1048 1284 deleta
1061 1238 1127 1283 una
1145 1239 1205 1283 su-

88 1305 217 1395 perflua
233 1328 334 1380 voce,
354 1309 544 1389 ceterisque
564 1304 655 1367 huno
667 1308 703 1367 in
717 1306 874 1369 ordinem
890 1307 1036 1371 redactis
1050 1304 1135 1367 nihil
1151 1306 1204 1369 le-

89 1404 221 1457 ctorem
235 1392 478 1470 morabuntur,
502 1391 643 1471 πίμπτην
657 1391 692 1454 di·
705 1391 809 1474 γενεὰν
823 1394 899 1474 λίγα
917 1391 979 1456 dud
997 1396 1053 1455 τοῦ
1063 1386 1205 1474 Ἐπάφου

88 1478 145 1553 τὰς
162 1474 357 1559 πεντήκοντα
377 1482 434 1540 τοῦ
448 1478 581 1539 Δαναοῦ
601 1477 786 1559 θυγατέρας.
836 1479 916 1551 Πῶς
927 1477 963 1541 δὲ
982 1478 1105 1557 πέμπτη
1118 1474 1205 1559 γενεὰ

89 1556 170 1647 ἦσαν
187 1561 281 1627 αὐτοὶ
301 1560 362 1627 ἀπὸ
386 1567 442 1625 τοῦ
455 1558 597 1645 Ἐπάφου
603 1610 613 1640 ,
647 1558 800 1643 μάνθανε.
850 1559 972 1646 Προίτη
998 1561 1085 1646 γενεὰ
1104 1594 1206 1624 -·-..

89 1648 175 1713 ilinc
198 1662 285 1730 quae
300 1655 489 1731 sequuntur
509 1651 544 1709 in
561 1644 678 1710 multis
696 1649 737 1709 ad
753 1647 892 1711 verbum
908 1650 1114 1712 conveniunt
1127 1666 1204 1727 eum
1289 1666 1292 1673 ·

90 1731 248 1821 Apollod
263 1729 320 1795 lib.
333 1732 376 1803 ll.
391 1753 417 1794 c.
436 1737 462 1795 1.
480 1752 556 1796 cum
570 1734 694 1815 quibus
707 1735 764 1816 qui
782 1733 938 1796 conferre
953 1732 1100 1797 voluerit
1115 1730 1206 1793 haud

90 1836 195 1907 pauca
217 1817 485 1901 deteget,'quae
507 1820 556 1879 ibi
577 1819 674 1879 uncis
694 1815 823 1881 inclusa
845 1815 1057 1886 testeGaleo
1070 1821 1105 1879 iu
1120 1815 1206 1879 Mss.

91 1924 153 1967 aon
171 1903 428 1986 comparebant.
455 1903 492 1963 ln
513 1899 804 1987 proximisSelrol.
815 1903 850 1963 B.
864 1903 905 1963 ad
920 1922 968 1963 ve.
980 1901 1053 1964 857.
1070 1899 1204 1964 linuit.

92 2008 149 2071 pro
163 1989 316 2073 γτνίσθοι
330 1988 548 2049 conficiebam
563 1982 698 2048 έλίοθιιι.
721 1989 850 2052 veson
863 1983 1010 2052 δεύσασα.
1031 1997 1064 2047 et
1074 2005 1120 2048 vs
1131 1986 1205 2048 866.

97 2073 230 2157 Amin.
270 2092 319 2135 νε.
333 2073 405 2136 877.
424 2069 510 2134 dele·
529 2067 736 2134 ὖπιιικαίοοσι.
775 2071 921 2155 denique
939 2091 987 2138 vs-
1006 2073 1079 2136 880.
1099 2068 1159 2135 lin.
1173 2074 1204 2134 3.

98 2154 148 2245 leg.
162 2155 182 2223 ὅ
198 2158 271 2242 περὶ
285 2156 320 2222 ad
334 2146 419 2241 ἧπαρ
438 2152 557 2240 νοίῆὃ
578 2152 630 2219 vel
643 2154 664 2239 ἢ
677 2165 821 2221 tantum.

542 2355 620 2425 Cir.
645 2356 733 2421 VIII.

172 2494 237 2563 Va.
252 2495 324 2557 878.
364 2490 501 2576 Οίστρον
522 2490 557 2556 ’δ’
587 2489 677 2576 ι’ίρδις
689 2490 770 2577 χρίει
790 2487 824 2572 μ’
846 2488 976 2572 ἄπορος.
1033 2488 1073 2554 Η.
1089 2488 1207 2577 steph.

99 2580 193 2645 illes,
212 2579 253 2642 L.
269 2576 331 2643 Gr.
355 2575 452 2640 Tom.
472 2577 528 2640 lV.
552 2598 584 2660 p.
600 2582 672 2641 693.
688 2599 715 2638 c.
738 2596 838 2659 agens
853 2579 894 2639 de
907 2580 1011 2639 verbo
1021 2578 1102 2660 χρία
1116 2573 1209 2638 leuno

99 2688 166 2729 mm
181 2662 258 2729 aliis
272 2663 404 2726 duobus
418 2659 519 2725 huius
536 2660 668 2725 fabulae
686 2659 774 2725 'locis
790 2683 912 2746 nempe
924 2680 971 2727 vs.
987 2661 1059 2725 569.
1075 2662 1155 2744 χρίει
1168 2685 1208 2742 με

97 2748 257 2841 fitillarum
272 2743 396 2831 οἶστρος
414 2761 448 2810 et
471 2767 518 2811 τε.
536 2746 609 2810 598.
630 2742 723 2820 νόσος
745 2744 835 2794 --’
851 2749 996 2831 μαραίνει
1016 2771 1055 2826 με
1074 2749 1250 2830 χριόοσαορ

95 2840 228 2921 νίντροις
246 2834 421 2915 observat,
450 2834 486 2893 in
509 2834 631 2915 quibus
648 2834 747 2916 χρίειν
761 2830 920 2894 adhibeat
933 2831 1123 2916 Aeschylus
1142 2850 1208 2939 ρτο

93 2931 203 2989 κεντεῖν
216 2938 277 2983 seu
293 2917 462 3000 κεντρίζτιν.
504 2917 642 2980 Addere
656 2928 789 3002 poterat
804 2929 962 2999 quartum
982 2935 1028 2980 vs
1042 2917 1115 2979 676.
1134 2921 1210 2993 σξα-

91 3006 199 3093 σιόμῳ
211 3000 317 3086 μύωπι
330 3008 516 3087 χρισθτῖσα,
547 3004 805 3086 suspicaturque
821 2998 958 3065 fluxisse
982 3005 1081 3064 istam
1098 3005 1213 3088 signi--

89 3093 283 3159 dationem
305 3093 583 3171 excommucati,
611 3093 762 3170 quoniam
784 3093 814 3148 si
830 3108 1011 3170 pun-ramus
1031 3096 1209 3173 quempiam

86 3181 219 3243 stimulo
238 3186 352 3247 acuto,
384 3178 573 3255 sanguisque
593 3173 726 3254 effluens
746 3177 843 3233 cutim
869 3132 1002 3247 odoret,
1030 3177 1129 3235 illitus
1150 3176 1208 3234 toli

87 3286 203 3329 eruore
215 3263 371 3323 videatur.
414 3256 452 3318 lo
471 3256 611 3321 eandem
633 3259 834 3334 sententiam
853 3257 1030 3319 discedere
1051 3256 1150 3321 video
1165 3252 1207 3320 ol.

85 3348 124 3415 Δ.
139 3341 328 3411 Schultens
350 3339 449 3424 Orig.
469 3340 573 3403 Hebr.
596 3339 693 3403 Tom.
708 3340 748 3401 11.
773 3362 805 3425 p.
819 3344 870 3403 36.
894 3351 931 3403 ut
954 3340 1106 3423 gratuler
1125 3343 1208 3407 Ste-

111 3434 226 3505 bauo,
255 3431 313 3510 qui
335 3444 415 3490 suae
428 3428 633 3510 suspicionis
655 3436 784 3488 tautum
803 3421 924 3488 habeat
938 3425 1208 3511 suffragatorem.

85 3456 191 3583 datio
213 3516 242 3576 si
257 3509 458 3597 procederet
479 3511 595 3573 eadem
616 3509 724 3586 foret,
751 3530 836 3593 quae
856 3509 1000 3573 aliorum
1022 3511 1064 3575 de
1086 3513 1209 3594 quibus

87 3620 193 3687 snpra
212 3596 256 3659 ad
273 3597 399 3661 vs.650.
441 3594 509 3658 Sed
533 3614 605 3658 eam
622 3616 664 3658 ne
678 3600 807 3680 possim
822 3593 878 3658 hic
891 3596 1070 3660 admittere
1082 3598 1208 3672 obstat,

88 3684 183 3773 quod
203 3683 302 3769 χρίειν
320 3679 533 3746 Graecorum
560 3680 604 3744 da
625 3683 819 3764 sanguinis,
851 3691 908 3744 aut
930 3680 1122 3751 istiusmodi
1144 3677 1209 3742 alia

86 3772 292 3861 perfusione
307 3776 346 3831 ut
357 3764 431 3829 Lat.
449 3787 604 3845 unguere,
629 3769 797 3844 delibutae,
820 3762 970 3846 tingtlere,
993 3769 1075 3848 quin
1093 3768 1207 3849 ipsum

88 3866 185 3923 lmere
205 3850 296 3915 haud
307 3846 494 3925 recorder,
520 3850 678 3934 usurpari
686 3869 695 3929 ;
724 3863 759 3913 et
779 3851 871 3935 quod
878 3897 891 3930 ,
921 3852 1052 3914 etiamsi
1071 3848 1207 3923 idoneis

89 3936 258 4025 exemplis
279 3937 419 4022 probari
441 3945 577 4019 posset,
605 3954 727 4017 meque
746 3934 852 4013 adeo,
881 3935 972 4019 quod
989 3936 1091 3999 nimis
1107 3953 1208 4022 saepe

90 4028 226 4099 evenit,
255 4023 453 4084 memoriam
463 4016 634 4082 fefellisse
649 4020 907 4098 ostenderetur,
936 4032 1048 4082 tamen
1072 4040 1136 4083 neo
1157 4024 1208 4082 sio

90 4111 176 4177 mihi
196 4107 401 4194 persuadere
419 4103 547 4170 valeam
568 4123 606 4166 ea
620 4108 753 4168 ratione
764 4107 939 4168 inductum
955 4115 1089 4189 poetam
1103 4108 1206 4168 toties

92 4200 127 4259 in
143 4192 213 4258 hoo
231 4212 301 4254 uno
322 4190 472 4254 dramate
492 4200 526 4251 et
549 4189 607 4251 vix
622 4202 758 4252 centum
779 4208 935 4254 versuum
952 4192 1140 4260 interstitio
1153 4199 1207 4252 ter

92 4279 200 4365 (quod
220 4281 296 4361 quis
316 4276 424 4339 ferret
444 4276 479 4336 in
500 4276 669 4359 scriptore
687 4294 755 4337 oon
770 4292 911 4358 prorsus
925 4271 1066 4353 luteoi)
1086 4277 1206 4359 ingra-

91 4370 224 4432 tissima
236 4363 439 4448 repetitione
453 4361 504 4422 uti
516 4356 635 4444 phrasi
648 4378 810 4425 ausurum
825 4356 942 4440 luisse,
965 4371 1035 4437 aut,
1054 4362 1084 4425 si
1099 4358 1206 4431 fecis-
