2626 4792
168 176 231 251 ,82
489 250 495 265 ,
537 174 629 251 LlB.
650 178 679 255 l.
714 178 820 255 CAP.
836 180 940 258 VIII.

179 351 306 433 siquis
326 368 395 415 non
419 347 588 415 itefaoile
607 348 772 417 adsentiri
791 355 919 440 possit,
950 356 980 418 is
1000 353 1122 423 docent
1142 358 1295 437 meliore,

180 454 243 519 ego
258 437 324 520 ipsi
339 432 441 499 facile
462 432 645 501 adsentiar.
704 434 863 502 Ceterum
883 444 1052 521 quamvis,
1080 455 1119 508 ut
1134 445 1292 528 diximus,

178 518 264 583 haec
284 523 330 582 ita
350 520 617 605 distinguantur3
644 531 758 584 tamen
780 526 955 587 verissime
972 532 1106 591 monuit
1121 529 1289 595 Casuubo·

178 624 245 667 nus
268 608 325 669 vix
345 608 489 693 reperiri
511 608 734 690 scriptorem,
762 610 821 689 qui
836 606 1068 673 differentiam
1088 614 1216 697 ubique
1230 616 1286 679 ob-

150 710 154 719 ·
178 690 383 770 servaverit3
410 709 478 773 quo
498 694 609 754 ninus
626 693 752 754 mirum
772 694 874 753 etiam
888 692 1030 759 Latinos
1048 722 1201 777 ιιπμαινι,
1230 708 1284 765 rin·
1302 718 1308 729 ’·

175 796 270 853 gnere
292 786 326 837 et
345 782 440 837 linere
460 770 686 839 confundere:
719 784 753 838 et
777 774 857 841 licet
873 783 967 842 linere
982 786 1123 868 proprie
1138 782 1308 859 adltibeit„¹

158 850 298 944 'Nirgil
314 858 372 922 tv.
396 856 521 946 Georg.
537 880 585 925 ve.
604 863 656 924 99.
670 858 728 921 ubi
744 859 785 923 de
801 862 919 945 apibus

318 975 460 1028 Ardentes
478 990 572 1044 euro,
594 985 624 1028 et
641 976 760 1045 paribus
778 976 831 1029 litu
846 993 971 1047 corporo
989 981 1090 1051 guttis.

73 1092 77 1107 ’
137 1076 201 1139 52i.
213 1096 241 1140 e.
258 1080 406 1139 distincta
420 1078 609 1160 interprete
624 1075 759 1155 Servio,
782 1072 837 1140 vel
854 1075 1011 1165 υσνίσΙῙισ,
1033 1090 1072 1143 ut
1085 1098 1130 1145 ex
1142 1077 1279 1145 eoOcid

119 1242 123 1249 Ι
178 1162 237 1226 lV.
260 1160 396 1224 Metam.
412 1176 458 1227 vs.
474 1161 548 1223 578.
568 1160 611 1225 dc
626 1171 786 1248 serpente
1079 1178 1082 1183 ’

331 1292 478 1363 Nigroque
500 1292 643 1347 caeruleis
662 1295 769 1346 variari
788 1310 912 1363 corpora
931 1293 1029 1366 guttis.
1083 1280 1086 1307 ¹

178 1408 259 1475 alibi
277 1418 391 1471 tamen
412 1407 447 1470 id
469 1405 602 1495 negligi
629 1408 802 1473 docebunt
821 1407 897 1473 loca
917 1408 1008 1495 apud
1024 1408 1096 1473 Nic.
1113 1409 1230 1477 Heius.
1249 1408 1281 1475 cd

177 1498 251 1561 Art.
268 1492 342 1557 Am.
356 1490 412 1557 lib.
427 1492 484 1555 lll.
506 1510 552 1561 vr.
566 1498 639 1557 232.
661 1500 738 1563 et1.
768 1494 871 1558 'l‘rist
891 1499 920 1567 1,
935 1497 963 1558 5.
982 1516 1046 1558 nec
1066 1515 1136 1557 non
1151 1493 1281 1561 Gasault

179 1592 214 1645 et
232 1576 371 1643 Salmas.
386 1579 428 1641 ad
444 1575 556 1664 Spart.
572 1576 712 1643 Adriun.
728 1600 755 1642 c.
769 1580 799 1641 4.
843 1578 888 1640 Et
901 1579 983 1641 hinc
1002 1581 1129 1663 ἐγχρίων
1141 1592 1178 1643 et
1191 1586 1300 1643 illine,

176 1667 271 1730 rede
293 1661 403 1729 oculis
424 1683 493 1725 non
514 1668 627 1729 minus
641 1684 740 1746 quam
766 1665 934 1747 ἐναλείφειν
955 1656 1022 1727 dici
1039 1666 1203 1728 obtinuit:
1228 1664 1284 1730 vid

176 1748 315 1831 Lexico.
365 1750 481 1832 ltaque
502 1760 535 1812 et
559 1747 744 1811 difficulter
763 1749 925 1813 accedere
943 1767 1082 1835 possum
1103 1752 1169 1813 viri
1183 1752 1285 1835 magni

178 1836 407 1901 emendationi
420 1837 454 1897 in
471 1834 586 1897 Horat.
598 1830 654 1896 lib.
662 1835 706 1910 ll,
724 1836 788 1908 1,5.
832 1833 900 1896 Sed
915 1837 949 1895 in
964 1838 1061 1899 viam.
1101 1834 1153 1898 De
1168 1836 1287 1921 ἐγχρίων

176 1920 266 2006 quod
286 1919 431 2006 adposui
451 1915 562 1982 firmat
576 1916 704 1982 Aelian.
722 1916 779 1981 lib.
794 1918 818 1980 l.
840 1919 881 1981 de
896 1917 1003 1981 Anim.
1025 1941 1051 1982 c.
1066 1919 1116 1983 54.
1132 1924 1186 1984 καί
1205 1920 1288 2003 ἔχεως

175 2008 282 2090 δῆγμα
299 2009 348 2069 καὶ
364 2003 466 2090 ὄφεως
484 2004 580 2070 ἄλλου
605 2007 666 2082 (ita
679 2002 771 2090 lego)
790 2006 885 2089 φασίν
900 2002 1077 2068 ἀντιπάλων
1088 2005 1133 2090 μὴ
1155 2007 1288 2087 διαμαρ-

174 2088 277 2157 τάνων
297 2087 480 2175 φαρμάκων.
522 2092 574 2154 καί
592 2089 633 2152 τοὶ
652 2089 709 2168 μὲν
730 2089 835 2154 αὐτῶν
856 2088 961 2153 ἀκούω
984 2089 1112 2170 πόματα
1128 2086 1224 2169 εἶναι,
1250 2089 1287 2155 τὸ

174 2178 211 2241 dl
221 2179 398 2262 χρίσματα·
431 2177 482 2239 καί
500 2172 617 2238 tundet
639 2174 673 2237 de*
689 2171 846 2254 ἔπράῦυιίν
865 2198 957 2238 τινων
973 2175 1179 2257 ἕγχριοθὲντυι
1192 2174 1285 2255 tdv‘)

174 2264 243 2325 Pro
268 2282 335 2343 quo
358 2262 527 2342 ἓγχρίπτων
546 2257 669 2321 Pollux
682 2257 740 2321 lib.
753 2260 808 2321 VI.
831 2282 859 2322 c.
874 2263 924 2320 99.
945 2259 1019 2343 [Vl,
1038 2260 1124 2343 125]
1145 2260 1286 2339 σκόρπισς

178 2349 278 2428 ζητῶν
296 2344 360 2431 ὅτῳ
380 2346 517 2429 ἓγχρίψει
535 2350 580 2429 τῷ
599 2344 723 2429 κέντρῳ.
775 2344 834 2406 Sic
853 2343 1026 2429 legebatur
1041 2341 1142 2425 olim,
1174 2360 1287 2435 postea

63 2436 67 2453 ‘
175 2435 242 2497 viri
256 2430 348 2493 docti
366 2429 604 2513 lungermanni
621 2430 750 2491 codicis
765 2426 913 2492 lectione
932 2430 1208 2514 praeponderare
1221 2433 1286 2496 vica

177 2514 360 2581 ediderunt
380 2513 417 2577 τὸ
442 2514 585 2597 κίννρσντ
612 2510 741 2576 factum
756 2533 876 2578 vereor
893 2518 973 2577 satis
989 2513 1099 2581 valida
1120 2515 1165 2579 de
1183 2532 1286 2593 causa,

176 2599 269 2685 quod
291 2601 445 2665 videatur
467 2596 614 2682 intelligi
637 2618 739 2685 posse
760 2595 817 2662 ίόν.
877 2599 924 2666 Ut
938 2610 1057 2663 contra
1070 2602 1284 2673 instrumenti

176 2704 282 2751 cesus.
295 2682 408 2748 delicit
429 2682 519 2771 apud
538 2681 705 2748 Themist.
728 2695 809 2746 orat.
824 2684 904 2749 'XV.
921 2707 955 2771 p.
973 2688 1040 2749 192.
1057 2703 1086 2747 a.
1111 2684 1188 2760 τοὺς
1212 2682 1284 2770 δρί·

175 2766 289 2844 κοντός
311 2794 406 2855 φασιν
425 2770 457 2833 lv
475 2777 544 2842 ταῖς
563 2778 662 2849 χειαῖς
683 2768 764 2832 κακὰ
785 2764 937 2853 φάρμακα
956 2765 1161 2856 βεβρωκότας
1182 2774 1283 2853 ζητεῖν,

175 2855 239 2943 ὅτῳ
259 2857 457 2939 ἓγχρίψαιντο
477 2852 536 2937 τὴν
556 2859 614 2916 τοῦ
633 2853 769 2940 ὀλέθρου
790 2853 992 2936 κατασκευήν.
1042 2857 1183 2919 Interim
1205 2852 1283 2919 elte-

174 2962 251 3007 rum
266 2940 357 3024 quod
379 2939 508 3024 placuit
527 2936 627 3001 habet
641 2937 769 3003 Aelian.
785 2936 841 3001 lib.
859 2940 948 3002 XVI.
964 2960 988 3002 c.
1008 2944 1057 3004 41.
1078 2940 1282 3023 Μεγασθένης

176 3028 252 3111 φησί
268 3024 348 3089 κατὰ
368 3025 426 3107 τὴν
443 3023 575 3107 Ἰνδικὴν
592 3027 762 3104 σαορπίους
780 3024 922 3107 γίνεσθαι
942 3062 1029 3074 --
1048 3028 1230 3108 μεγίστους,
1248 3024 1278 3089 td

132 3112 300 3192 δλκίντρον
315 3111 349 3175 δὲ
362 3113 530 3194 ἔγχρίπτειν
543 3118 609 3183 τοῖς
625 3108 821 3189 Εὐρωπαίοις
836 3111 1070 3193 παραπλησίως.
1093 3109 1276 3199 Caessterutn
1301 3142 1308 3181 :

175 3198 338 3261 discimus
353 3208 387 3259 et
399 3194 466 3259 hoc
480 3217 524 3257 ex
533 3193 848 3270 rerbisl'hemistii,
865 3199 1003 3279 χρίπνειυ
1018 3207 1051 3258 et
1062 3196 1161 3276 χρίειν
1171 3198 1277 3279 aequi-
1303 3238 1308 3269 .-

172 3281 322 3368 pollere‚
351 3302 415 3343 nec
438 3283 504 3343 nisi
522 3282 598 3343 usui
619 3280 837 3343 tribuendum
854 3282 943 3362 quod
963 3280 1109 3344 alterum
1125 3282 1276 3364 frequen·
1298 3320 1308 3353 .

171 3370 242 3431 tius
273 3364 462 3450 unguendi,
504 3363 650 3426 alterum
684 3364 876 3447 generalem
903 3366 1104 3429 admovendi
1141 3378 1308 3433 secteturt

173 3451 470 3536 significationem
506 3462 541 3513 et
564 3446 645 3511 hinc
667 3446 856 3533 Hesychius
878 3453 1091 3529 χρίμπτεσθαι
1111 3452 1204 3515 inter
1222 3448 1273 3511 alie
1288 3464 1308 3535 γ’.

174 3541 316 3623 exponit
334 3535 483 3620 υἷλειίρωνε
511 3544 547 3597 et
559 3545 678 3596 auctor
692 3533 919 3622 Etymologici
936 3536 1161 3618 ἕγχρίπτουσα,
1187 3555 1272 3619 προσ·

172 3626 325 3703 νρίβουσα
360 3621 449 3685 sicut
472 3622 646 3681 contrario
667 3625 770 3681 modo
795 3621 921 3704 ἐγχρίων
948 3620 1039 3681 illius
1064 3632 1210 3707 occupet
1228 3618 1272 3681 lo·

171 3710 296 3771 cumin
314 3704 394 3768 Plat.
410 3704 567 3768 Phaedro
588 3726 620 3789 p.
636 3705 707 3768 346.
722 3726 752 3789 g.
781 3706 826 3791 [p.
844 3705 914 3768 251.
932 3705 1040 3786 d.St.]
1064 3702 1083 3787 ἦ
1109 3706 1145 3769 δὲ
1167 3701 1273 3785 (ψυχὴ)
1305 3774 1308 3783 ,

171 3792 261 3869 ἐντὸς
273 3791 352 3876 μετὰ
366 3796 422 3856 τοῦ
442 3790 548 3877 ἱμέρου
572 3790 829 3874 ἀνακεκλασμένη
850 3791 983 3874 undeinn
995 3787 1061 3855 clav
1074 3789 1115 3855 ad
1129 3790 1273 3877 σφύζοντα
1298 3792 1308 3849 ,ἵ

171 3959 401 3977 *a*

204 4058 233 4130 *γ
254 4060 378 4130 Gregor.
393 4060 513 4115 Palania
528 4064 662 4118 Declam.
678 4065 771 4120 Ment.
786 4083 816 4134 p.
832 4067 861 4148 8..
878 4064 997 4126 ἆσπίιίος
1013 4062 1168 4150 θανατοίίη
1180 4068 1226 4125 ror
1236 4068 1275 4139 ly·

234 4131 1276 4279 eisteti‘istumistuntristis-ithtttst

239 4271 334 4353 video.
369 4273 470 4354 Besilii
485 4276 574 4327 verbe
594 4272 779 4345 quee·hebes
798 4278 870 4333 ibid.
887 4288 986 4333 extent
1001 4278 1086 4333 Tom.
1104 4280 1129 4335 1.
1152 4297 1182 4351 p.
1196 4281 1241 4338 85.
1253 4278 1276 4333 d·

238 4340 309 4397 edit.
331 4356 439 4400 noviei.
474 4345 577 4415 [Auo.
591 4364 621 4417 p.
635 4348 712 4417 ost]
