2626 4792
82 301 85 308 .
145 190 227 281 aar
483 184 939 273 mulierarium.

147 371 245 431 notat
255 360 365 448 χάριν,
391 356 484 446 quod
506 359 592 425 bene
612 360 803 427 observavit
817 379 953 443 quoque
966 354 1170 425 Ammonius
1181 358 1243 423 λον.

73 460 76 465 ’
147 450 235 517 ἕνεκα
248 450 296 536 [p.
309 450 361 513 58.
379 448 445 532 νλ
488 443 619 512 Nostro
637 449 733 534 prior
746 443 980 530 Hesiod.'‘iipy.
1003 464 1053 511 νε.
1066 446 1143 511 709.
1159 438 1246 528 quir-

148 559 208 618 νης
222 535 313 619 χάριν
330 530 517 613 ψεύδεσθαι.

151 662 174 693 .·
234 634 293 696 νε.
309 634 482 695 271.·Τοῦ
501 629 622 715 πατρός
641 629 716 706 νοός
736 630 865 706 αἰτίους.
911 629 1077 695 Absolute
1091 626 1188 703 αἴτιος
1217 643 1248 689 ru

148 714 249 805 φόνου
268 717 384 793 αἴτιος,
416 716 484 781 vid.
506 720 605 779 etiarn
622 735 726 802 supra
740 738 787 782 νε.
808 718 859 781 66.
876 726 910 779 et
924 719 974 780 sio
987 717 1131 787 ἐπαίτιος
1144 716 1178 775 iu
1190 648 1248 775 ἔτι·

146 823 234 871 τινοιν.
249 803 322 868 470.
365 800 471 865 Addit
495 820 611 864 casum
632 805 668 864 in
683 801 797 889 Agim.
813 819 860 866 νε.
884 804 975 866 1125.
998 810 1038 864 ut
1053 790 1249 881 ιλιαίττοςρόὲ.

58 888 88 919 ·’
146 913 202 956 νον
216 907 262 953 νε.
282 886 372 952 1515.
418 884 503 949 Mox
517 885 623 949 Turn.
645 889 753 949 edidit
766 885 993 971 τανροόμενος,
1025 882 1264 970 quamleuu.

147 994 227 1041 nem
240 970 372 1038 videtur
388 991 521 1055 quoque
535 980 672 1035 secutus
689 970 805 1036 smol.

234 1076 293 1139 νε.
310 1076 381 1138 279.
406 1072 559 1158 ’Λρχαόαν
577 1071 671 1156 φύσιν
687 1076 709 1139 i.
725 1095 754 1138 e.
769 1072 827 1156 τὴν
842 1070 903 1156 πρό
918 1061 976 1136 τοῦ
989 1080 1094 1137 νοσεῖν
1107 1066 1246 1135 κατόπι*

148 1187 198 1229 σιν
219 1159 393 1248 Hesycbio
416 1163 613 1243 interprete.
671 1157 845 1242 Frequens
871 1168 921 1222 est
944 1159 1167 1243 Hippocrati:
1195 1151 1244 1217 vit

148 1248 246 1311 Foes.
260 1243 390 1309 Oecon.
409 1242 550 1307 Aristid.
565 1244 662 1309 Tum.
676 1242 701 1307 1.
717 1264 748 1329 p.
764 1244 836 1307 637.
855 1250 912 1325 τῆς
931 1241 1067 1325 ἀρχαίας
1081 1239 1201 1327 ρόσεας
1210 1235 1243 1301 ότι

148 1329 306 1417 λγγυτότω
317 1325 485 1414 γενόμενος.
521 1327 579 1392 νε.
596 1347 663 1411 seq.
681 1324 795 1392 laudat
808 1326 954 1416 Etymol.
975 1352 1004 1392 v.
1019 1325 1243 1412 κόρση.[μ.551,

58 1424 61 1442 '
150 1413 361 1502 51.]κόρσαι,
390 1413 490 1490 dicit,
518 1412 552 1476 ui
570 1416 689 1496 τρίχες,
715 1411 877 1495 Αἰσχύλος
893 1412 1004 1490 λευκὰς
1019 1410 1158 1497 κόρσας,
1177 1404 1240 1490 napi

17 1565 20 1572 ,
91 1502 187 1575 428τὸ
207 1497 384 1588 κεόΗρεσθατ
402 1500 452 1563 καὶ
470 1496 586 1603 γὰρτὸ
608 1508 706 1581 κεῖραι
727 1493 837 1580 κόρσαι
851 1499 986 1581 λέγεται,
1014 1500 1131 1561 scribe
1151 1495 1240 1577 κέρεα.

150 1588 239 1653 Tum
261 1583 371 1669 λεακᾲς
391 1584 425 1646 δὲ
442 1606 561 1663 κορσας
578 1580 832 1669 praefigendum
857 1585 1052 1647 memineris
1075 1580 1240 1666 fragmento

149 1673 313 1758 anonymi
333 1668 423 1754 apud
445 1665 559 1731 Schol.
579 1667 671 1751 quod
691 1670 758 1730 nisi
783 1667 907 1732 feceris
926 1665 1013 1731 male
1034 1665 1240 1731 cohaerebunt
1280 1690 1283 1697 ·

148 1760 270 1832 uerba,
305 1753 369 1840 leg.
400 1764 485 1861 puto
513 1756 623 1828 λευκός
649 1754 684 1817 δὲ
704 1752 836 1837 κόρσας]
864 1749 908 1827 ιῦς
927 1753 962 1816 τό
991 1748 1011 1834 ἡ
1036 1752 1146 1837 μέχρις
1163 1745 1240 1834 γήρως

149 1837 364 1925 ιλτυχήσσμεν,
398 1839 433 1920 ηὲ
458 1837 532 1922 παρ’
561 1837 642 1902 αὐτὰ
666 1839 842 1923 γηράσομεν
864 1874 949 1886 —--
969 1859 1072 1899 --—:
1104 1836 1195 1900 cuius
1213 1835 1240 1895 st

149 1926 377 2011 fragmentum
395 1924 682 2008 nondumreperi.
718 1922 872 1987 Alterum
886 1921 1092 2008 quod‘addit
1106 1919 1243 1989 estfloru

151 2011 276 2102 Odyss.
296 2015 332 2073 T.
357 2028 402 2073 vs.
419 2012 489 2073 360.
510 2008 562 2073 vel
584 2007 724 2075 iiesiodi
738 2007 822 2093 Ἔργ.
847 2029 893 2074 νε.
907 2013 956 2072 93.
1007 2006 1055 2075 Ut
1077 2027 1147 2070 non
1161 2004 1241 2067 tuerit

150 2116 213 2171 cur
228 2094 369 2159 Suidam
384 2096 573 2157 correxerit
588 2094 757 2158 Kusterus
771 2098 805 2156 in
822 2117 851 2159 v.
867 2098 963 2168 πλεῖν,
985 2097 1063 2177 quia
1080 2093 1241 2167 Homerum

152 2186 226 2248 eius
237 2184 319 2245 citet
332 2189 518 2244 auctorem.
562 2179 710 2243 Eandem
725 2190 877 2243 ceterum
891 2182 925 2241 in
940 2198 1013 2242 rem
1025 2166 1241 2241 laudatschot

151 2264 297 2331 Theocr.
315 2264 364 2329 ld.
380 2263 454 2330 ΧΗ.
475 2282 523 2327 νε.
543 2270 568 2327 1.
592 2263 682 2329 conf.
702 2264 790 2328 Hist.
816 2262 901 2327 Crit.
924 2264 1019 2350 Reip.
1040 2262 1112 2327 Lit.
1131 2254 1241 2325 Τοατλ
1274 2272 1283 2312 ¹

178 2400 185 2415 .
202 2356 271 2415 117.
288 2360 321 2414 et
336 2347 510 2433 Aristoph.
522 2347 607 2413 Rau.
621 2370 670 2415 νε.
687 2351 734 2414 18.
750 2350 863 2434 ibique
877 2348 978 2413 Biset„
993 2369 1054 2412 seu
1071 2350 1188 2434 potius
1199 2340 1241 2406 λό.

151 2373 247 2501 guid,
262 2431 495 2516 Ηεείοό.’Έργ.
510 2452 558 2498 νε.
568 2437 640 2498 705.
657 2432 716 2498 εὕει
731 2432 805 2518 ἄτερ
821 2437 919 2498 δαλοῦ
934 2435 984 2507 καὶ
1001 2431 1079 2520 ὠμῷ
1094 2429 1189 2518 γήραΐ
1196 2431 1243 2587 {p
1281 2512 1283 2517 Ι

151 2544 212 2587 κεν.
259 2518 346 2581 Λόό.
361 2516 452 2580 Flor.
466 2517 524 2581 lib.
544 2519 569 2581 1.
586 2540 618 2589 ο.
630 2523 684 2598 22,
698 2521 729 2581 4.
743 2533 777 2583 et
789 2521 830 2582 ad
844 2540 919 2583 eum
933 2529 1004 2582 not.
1038 2516 1207 2601 Scholior
1271 2512 1276 2587 ζ

150 2607 209 2757 μὲν
220 2603 279 2689 γὰρ
292 2608 423 2680 πολίτας
443 2638 528 2651 -·-
549 2606 648 2671 verba
659 2622 832 2692 praepone
846 2611 903 2669 rori
917 2604 1066 2688 κειμένου,
1085 2599 1127 2668 ττὶ
1137 2600 1243 2686 prinpio

95 2754 98 2761 ,
168 2714 265 2776 ayne·
616 2744 619 2751 2

241 2788 296 2852 Vs.
312 2785 385 2852 285.
418 2783 474 2851 Ἐν
493 2784 579 2874 γένει.
621 2785 727 2852 Recte
752 2790 894 2875 exponit
914 2784 1021 2851 Stanl.
1043 2806 1110 2874 par
1130 2786 1242 2874 ἐγγενεῖς

154 2871 259 2961 Soph.
280 2872 368 2937 Oed.
390 2870 472 2961 Tyr.
498 2891 543 2939 vs.
561 2870 651 2936 1444.
675 2873 798 2959 [teau]
821 2881 887 2947 τοϊς
904 2873 937 2937 ἐν
957 2875 1033 2956 γένει
1053 2871 1115 2957 γὰρ
1139 2870 1244 2956 τόγγωῆ

150 2955 283 3043 μάλισθ’
305 2953 383 3041 ὁρᾶν
401 2955 510 3037 μόνοις
527 2955 554 3022 τ’
579 2954 700 3023 ἀκούειν
716 2958 852 3040 εὐσεβῶς
864 2957 923 3039 ἔχει
936 2955 1026 3022 κακό.
1068 2955 1156 3023 sici
1170 2955 1246 3022 tvai-

101 3080 103 3087 ·
152 3069 246 3126 ματι,
274 3063 339 3129 pro
358 3041 507 3123 ὅμαιμος,
535 3046 574 3106 in
592 3042 733 3108 Eumen.
756 3064 803 3109 vs.
818 3046 891 3107 609.
940 3044 1103 3126 Sequitur
1125 3041 1246 3107 διιόκιτα

152 3131 291 3208 πόλεως,
320 3129 412 3210 quod
431 3150 508 3195 cum
527 3131 714 3213 interprete
730 3149 799 3193 non
818 3142 964 3193 vertam:
995 3154 1052 3212 per
1064 3134 1173 3192 urbem
1185 3136 1247 3192 ime

154 3223 284 3300 quitur,
307 3213 382 3276 sed:
416 3218 566 3296 expetnt.-
598 3214 665 3278 vid.
680 3226 750 3278 not.
765 3214 808 3276 ad
821 3214 913 3299 Sept.
931 3210 1039 3277 Theb.
1055 3233 1104 3278 νε.
1118 3218 1174 3279 90.
1203 3210 1248 3275 'lit

154 3319 237 3367 voco
259 3296 424 3384 πλάστιγξ,
454 3317 540 3382 quae
559 3298 704 3363 habetur
723 3304 760 3363 in
777 3300 985 3378 continenti,
1012 3298 1068 3362 adi
1083 3292 1248 3388 Spanhmd
1279 3324 1283 3343 ι

56 3399 62 3417 ’
154 3388 278 3449 comici
292 3384 375 3447 Rau.
389 3402 433 3448 νε.
451 3385 541 3448 1425.
944 3404 947 3409 ·

241 3507 298 3569 νε.
318 3507 392 3568 290.
432 3499 648 3568 Φιλοσττόνόον
672 3502 768 3583 λίβος.
825 3498 930 3565 Turn.
957 3497 1046 3581 λιβός
1067 3512 1250 3586 tanquamt

155 3589 226 3672 λίψ,
247 3590 306 3654 sed
322 3589 456 3657 videtur
471 3587 533 3674 leg.
548 3591 663 3668 λόβονς.
693 3587 732 3650 ln
741 3587 855 3652 Schol.
873 3589 914 3650 ad
925 3607 971 3654 νε.
986 3590 1060 3651 292.
1074 3585 1138 3673 leg.
1153 3608 1250 3670 σνγκα·

94 3672 287 3749 129ταλόειν.
330 3672 470 3739 adrem
483 3673 611 3736 faciunt
629 3669 645 3760 Η
660 3674 759 3739 verba
775 3673 924 3761 Oppiani
940 3675 979 3737 ν.
996 3670 1070 3735 Hal.
1088 3691 1141 3738 νε.
1156 3672 1222 3739 atu

309 3801 451 3872 δελφίνων
472 3797 501 3853 (λ’
522 3798 595 3873 όόγρη
611 3803 668 3874 μὲν,
682 3799 859 3876 ἀπότροπος,
880 3800 946 3857 onisii
964 3805 1056 3856 οεοῖσι

308 3891 399 3947 κεῖνος
416 3883 452 3940 ἔτ’
472 3886 622 3959 martion
640 3888 728 3962 θυτὴρ
748 3894 845 3963 φίλος,
865 3888 933 3945 conr
949 3906 979 3943 κε
996 3890 1096 3963 βωμοῦ

308 3971 429 4043 εὐαγέως
446 3968 596 4042 ψαύσειεν·
615 3972 778 4052 ὁμωρόφιος
795 3980 826 4034 δὲ
845 3983 960 4050 μιαίνει.
1034 4015 1037 4019 -

243 4090 301 4155 νε.
316 4094 390 4157 293.
415 4089 552 4158 Πάντων
565 4095 593 4159 δ’
609 4094 720 4182 ἄτιμον
735 4100 867 4188 κᾶφιλον
880 4097 1028 4184 θνήσκειν
1035 4098 1153 4189 χρόνῳ.
1195 4100 1255 4164 Eu·

155 4179 218 4263 rip.
239 4174 311 4239 Hel.
336 4196 384 4241 νε.
400 4179 473 4243 531.
495 4177 607 4264 ἄφιλος
626 4186 734 4269 φίλων.
762 4201 796 4250 et
817 4186 920 4273 Soph.
941 4183 1084 4248 l'biloct.
1107 4207 1157 4252 νε.
1177 4187 1255 4250 tuat.
1280 4206 1283 4255 Ι

154 4285 193 4345 με
206 4258 387 4343 πραόβόλον
405 4260 664 4355 όξφιλονὲρημον,
685 4270 811 4352 ἄπολιν,
837 4272 870 4338 ἓν
884 4273 973 4349 ζῶσιν
990 4268 1108 4357 νεκρόν.
1156 4271 1256 4336 Verba

155 4366 203 4419 νε.
217 4346 290 4414 295.
305 4344 374 4415 iror'
389 4343 549 4438 ἀπόφασιν
562 4350 707 4441 legenda
720 4367 837 4425 mouet
852 4354 965 4425 Schol.
982 4359 1004 4424 i.
1021 4378 1048 4423 e.
1066 4359 1196 4448 opinor
1207 4370 1257 4446 per
1279 4392 1283 4431 ι
