2626 4792
152 196 228 271 ess
386 189 1036 287 mn..11.3cin.xx·xv.xxxv1.

154 381 239 435 extr.
259 363 340 431 tim
359 365 418 441 τὰς
440 362 604 439 ἐπιστολάς
608 412 620 445 ,
634 363 690 437 ,id
705 368 790 449 quin
809 375 953 433 recreet
967 369 1087 454 perite
1099 366 1250 455 Nepocir
1283 419 1286 461 ,

154 461 222 521 vita
232 452 329 517 Paus.
345 474 375 517 c.
391 451 457 519 tv...
470 454 585 537 princ,
593 460 795 517 convertere
809 452 963 536 potuerit
979 472 1046 537 per
1062 446 1253 537 uinmtuepit
1283 502 1286 546 Ι

153 544 401 609 steintunam,
430 540 505 619 quis
525 532 716 601 dubitabit?
746 546 785 599 ut
803 554 919 602 verear
939 556 986 601 ne
1006 535 1147 603 creduli
1170 538 1253 605 nint

154 624 282 688 luerint
298 644 327 687 u.
350 621 383 687 d.
406 621 505 685 codd.
524 622 583 703 qui
601 626 755 685 laceravit
775 622 996 687 substituunt.
1030 622 1188 708 μέλαθρα

149 714 251 792 χαλᾶν
265 707 433 771 habemus
454 709 491 768 in
511 704 617 791 lphtg.
635 707 762 791 prioris
775 723 822 771 vs.
842 706 935 771 1340.
990 706 1070 773 Nec
1082 704 1253 795 ambigenti
1283 756 1286 800 Ι

155 794 251 858 locus
266 791 399 857 ridetur
413 788 584 874 ¹relinqui,
609 792 710 872 quin,
738 800 778 855 ut
792 790 859 853 Vir
881 838 890 855 .
904 788 962 857 lib.
977 792 1019 855 ll.
1039 792 1174 880 θεοῖς.
1185 802 1254 865 uir.
1284 828 1286 869 ,

153 880 242 942 dixit
264 900 378 961 equum
396 883 513 940 solvere
534 878 636 954 σοῑὶσ,Ι
662 876 714 939 sic
732 876 849 939 dicere
858 811 963 940 liceat
977 883 1106 943 laxare
1125 882 1251 955 colluit-
1283 874 1286 885 ¹

20 1032 26 1043 ,
152 961 291 1027 tellecto
310 962 491 1044 utrobique
511 967 603 1041 ingo,·
631 961 768 1043 quando
789 979 861 1024 nou
879 964 981 1042 χαλᾶν
1001 963 1132 1041 modo,
1160 960 1251 1037 sedet

154 1047 235 1112 λύειν
253 1060 365 1129 portus
384 1044 545 1133 usurpari
566 1043 711 1111 vidimus
724 1044 768 1126 *).
820 1044 977 1131 Denique
996 1068 1044 1115 nc
1058 1046 1197 1133 singula
1206 1068 1250 1111 er·
1283 1096 1286 1124 ,

152 1150 291 1215 sequar,
320 1144 359 1195 ut
376 1130 458 1197 iden
476 1132 511 1195 ia
532 1130 656 1210 δεσμῶν
674 1148 719 1195 ex
738 1130 915 1195 Herodoto
942 1130 1136 1217 proferunt
1154 1130 1249 1217 texte,
1283 1126 1286 1139 ⁴

152 1221 203 1283 sic
218 1213 353 1300 χαλάσαι
370 1217 406 1281 ἐκ
427 1218 550 1297 δεσμῶν
568 1216 723 1281 invenies
741 1218 778 1277 in
792 1219 905 1281 nostri
920 1216 1034 1281 Prom.
1048 1236 1099 1284 vs.
1118 1216 1191 1283 175.
1211 1218 1248 1281 nli

152 1306 238 1367 liene
252 1300 412 1386 explanat
423 1298 537 1364 Schol.
554 1319 617 1386 per
630 1297 792 1363 alterum:
812 1302 903 1382 quod
916 1322 999 1367 vero
1015 1302 1153 1383 addidi,
1169 1302 1247 1389 plin·

151 1391 203 1453 sin
225 1383 429 1461 huiuslcci,
456 1382 575 1451 efferri
601 1404 737 1469 queque
755 1405 857 1471 posse
876 1387 992 1451 addita
1008 1391 1248 1475 praepositione
1284 1429 1286 1461 ι

40 1532 42 1541 .
146 1478 249 1556 χαλᾶν
268 1468 369 1547 πόλεις
390 1466 453 1535 ἀπὸ
472 1474 613 1551 μοχλῶν,
642 1482 676 1533 et
687 1469 825 1553 μοχλοὺς
839 1467 901 1557 ἀπὸ
916 1478 1044 1547 πυλῶν,
1072 1486 1114 1537 ut
1127 1486 1246 1557 statuta
1284 1512 1286 1553 ς

151 1558 231 1621 facit
249 1554 337 1619 illud
359 1553 540 1640 Sophoclis
558 1552 1049 1644 inttleetr.vs1696.[1468.]
1069 1562 1247 1643 χαλᾶτεπίι

150 1639 284 1723 κάλυμμ’
301 1639 353 1704 ἀπ’
367 1639 552 1726 ὀφθαλμῶν.

91 1776 142 1830 ⁴⁹⁹
235 1777 313 1867 μισ.
330 1780 403 1843 asc.
462 1780 521 1861 οιχ·
539 1786 577 1850 ις
594 1766 628 1844 δ”
646 1784 745 1862 ἄρσεσι
762 1776 1017 1861 nannenten·
1045 1794 1077 1844 vt
1093 1788 1170 1867 νάει

95 1954 101 1971 ι
122 1962 126 1977 .
149 1912 187 1977 ln
209 1913 244 1979 τί
263 1908 350 1997 μὶμςΙ
367 1888 495 2001 supple=
508 1892 601 1985 itti,
632 1920 669 1997 ut
691 1907 772 1973 facit
785 1904 898 1975 schot.
912 1909 953 1972 ad
969 1906 1091 1993 Agam.
1106 1928 1157 1975 vs.
1170 1906 1247 1971 titt

151 1998 236 2081 adde
250 1998 401 2079 eiusdem
423 1992 556 2061 fabulae
572 2014 619 2059 vs.
637 1994 728 2059 1247.
766 1994 953 2083 'interpres
973 2004 1128 2060 verterat
1144 1997 1248 2081 opino

149 2090 194 2149 ud
206 2090 283 2170 quid
298 2081 403 2148 enim?
425 2103 496 2145 non
510 2092 547 2146 ut
561 2082 766 2177 impressum
780 2076 944 2145 habemus
958 2084 1097 2165 utquid.
1168 2170 1171 2179 Ι

574 2297 654 2367 Cir.
674 2302 830 2368 xxxvl.
882 2340 885 2345 ·

90 2446 142 2499 500
230 2433 308 2519 HVS·
325 2434 397 2498 888.
450 2444 543 2501 ”Enixa
561 2448 614 2525 uir
635 2446 722 2515 αὐτῆς
742 2450 994 2523 intimaturum

456 2527 553 2600 Αὐχὴν
570 2535 717 2584 πεσεῖσθαι
735 2530 805 2603 πρὸς
822 2535 902 2602 δίκην
919 2538 1127 2607 πεπληγμίνης.

146 2646 208 2709 Est
220 2646 315 2710 locus
331 2666 449 2710 eorum
463 2666 481 2710 e
497 2665 638 2731 genere,
662 2668 806 2729 quorum
821 2669 941 2715 sensus
955 2672 1001 2715 ex
1015 2660 1186 2722 sermonis
1197 2679 1248 2721 ne

146 2753 193 2795 xu
212 2730 371 2795 facillime
391 2734 599 2818 percipitur,
636 2733 694 2795 sed
717 2737 792 2816 qui,
821 2724 952 2821 singula
970 2738 1013 2801 ad
1034 2759 1181 2805 examen
1204 2745 1248 2806 ubi

146 2836 301 2894 revoces,
322 2821 356 2879 in
372 2820 550 2880 verborum
568 2827 738 2881 structura
752 2816 879 2884 frustra
889 2826 1076 2905 quaeritur,
1100 2849 1156 2891 me
1171 2840 1248 2891 certe

145 2912 184 2965 ut
199 2902 377 2989 expediam
392 2922 460 2965 non
476 2905 632 2966 invenio:
662 2922 739 2966 nam
764 2926 841 2969 cum
861 2907 948 2971 ordo
969 2909 1031 2987 sit,
1051 2915 1113 2975 νῦν
1128 2907 1146 2975 ὅ
1161 2912 1248 2996 cipit

144 2987 243 3070 αὐτῆς
265 2988 476 3071 πεπληγμένης
493 2987 575 3072 πρὸς
592 2988 680 3069 δίκην
700 2986 776 3054 inrue
788 2996 951 3055 πεσεῖσθαι
970 2992 1019 3059 tui
1036 2995 1139 3079 ξυροῦ
1156 2998 1247 3072 πέλας.

144 3082 179 3136 ct
195 3071 263 3137 hnc
281 3093 346 3157 pro
358 3080 418 3141 eie.
430 3072 510 3156 αὐτὴ
531 3069 550 3156 ἦ
564 3071 830 3160 Κλυταιμνήστρα
847 3078 1041 3162 πεπληγμένα]
1054 3081 1188 3161 δικαίως
1200 3108 1247 3149 πε·

143 3167 241 3223 σεῖσαι
261 3159 309 3221 ἐπὶ
328 3160 429 3239 toperi
441 3158 538 3231 πέλας
557 3164 613 3221 rei
627 3159 796 3242 Αἰγίσθου.
832 3165 949 3244 ecquis
969 3175 1038 3225 tam
1059 3164 1141 3231 duri
1154 3168 1246 3237 fuerit

143 3242 326 3316 stomachi,
355 3247 413 3325 qui
431 3256 621 3326 concoquat
639 3245 818 3311 adnuerint
832 3248 926 3330 ξυροῦ
937 3249 1031 3322 πέλας
1043 3248 1159 3327 crude?
1189 3254 1244 3319 Sc-

167 3324 301 3393 hoclem
317 3342 417 3411 etque
433 3326 631 3413 Euripidem
645 3328 773 3397 dixisse
794 3335 865 3395 scio
881 3336 976 3415 βῆναι
990 3334 1040 3397 int
1051 3337 1170 3419 ξυροῦ,
1188 3336 1242 3405 vid.
1284 3389 1286 3415 ,

34 3445 37 3452 ·
141 3348 243 3475 Euius
265 3413 365 3477 Herc.
381 3410 461 3477 Fur.
482 3432 528 3485 ps.
548 3415 623 3477 080.
638 3410 734 3479 illius
754 3415 873 3502 Antig.¹
890 3422 980 3491 1009.
1003 3419 1113 3506 [ssd]
1137 3422 1198 3489 sed
1213 3425 1241 3485 in
1284 3420 1286 3480 2

140 3518 208 3580 quo
222 3495 309 3565 nihii
321 3508 392 3573 cst,
417 3500 516 3581 quod¹
529 3510 702 3561 aversetur
714 3502 811 3564 ratio.
854 3502 925 3565 lam
941 3507 968 3565 si
986 3508 1066 3586 quis
1081 3505 1150 3583 bac
1162 3504 1240 3573 diffi-

141 3582 265 3647 cultate
280 3595 392 3651 motus
404 3582 659 3647 incommodum
674 3582 837 3648 declinari
853 3606 954 3670 posse
974 3601 1183 3671 autumaret,
1198 3588 1238 3657 rel
1281 3560 1286 3622 l

164 3687 242 3733 arva
254 3671 441 3731 mutatione
458 3665 601 3751 legendo
617 3686 681 3751 pro
696 3676 875 3752 πεσεῖσθαι,
907 3670 1051 3753 ἔσεσθαι,
1073 3675 1132 3743 vel
1146 3673 1237 3743 intel-

139 3689 231 3817 lecto
247 3748 340 3828 εἶναι,
358 3750 689 3841 (ι’σιασθαισίιαὶΙίσνα
702 3759 880 3841 potestatis
895 3755 962 3821 alio
979 3762 1088 3824 verbo
1102 3760 1236 3837 infinita

105 3862 129 3907 ··-‚
139 3841 168 3899 is
182 3856 219 3901 se
233 3839 415 3901 maioribus
431 3840 530 3901 etiarn
545 3834 744 3922 implicaret.
787 3839 875 3903 Nam
891 3843 971 3927 quid
984 3843 1079 3908 foret
1089 3850 1236 3934 ineptius

76 3927 80 3936 ‘
138 3940 238 4003 quam
255 3940 435 4008 percussae
452 3924 617 3987 cervicem
637 3923 746 3987 adhuc
760 3936 963 3989 versaturam
978 3932 1013 3990 in
1028 3924 1236 3997 discrimine?

138 4008 275 4071 verbum
289 4018 402 4071 eutem
414 4011 629 4073 extrinsecus
640 4009 774 4073 adsumi
788 4008 922 4095 linguae
938 4025 1027 4078 vetat
1040 4016 1192 4097 indoles,
1210 4024 1234 4077 et
1282 4040 1286 4099 ι

167 4296 198 4367 *)
221 4300 271 4350 Uti
289 4298 420 4369 loquitur
441 4297 542 4355 Claud.
558 4302 604 4354 tv.
630 4303 748 4357 Gonnoi.
770 4305 845 4357 Han.
866 4323 905 4357 re.
922 4306 981 4359 613.
1008 4309 1133 4360 laxarus
1144 4310 1230 4375 samu·

51 4386 56 4397 ·
151 4402 168 4434 ·¹
196 4370 247 4423 Ius
265 4368 357 4423 herili
373 4372 455 4441 iugc.
474 4372 729 4441 sinopem]
875 4416 878 4421 .
