2626 4792
352 183 421 259 AD
445 185 646 263 SEPTEM
670 192 710 267 C.
734 193 942 273 THEBAS.
1153 206 1204 281 58
1268 130 1271 135 Α

176 356 237 423 Vs
257 360 326 425 181.
347 358 554 447 Ἀμφιβάντες
567 360 666 428 πόλιν.
710 365 1038 452 OpportuneSchol.
1052 372 1202 442 illustrat

98 460 137 503 ex
151 440 254 506 Hom.
269 444 304 507 ll.
320 450 365 511 A.
380 465 428 512 vs,
445 451 495 511 37.
510 448 552 510 ad
567 468 666 532 quem
681 448 794 513 locum
803 498 816 531 ,
839 468 875 517 ut
888 453 969 519 alibi
983 464 1118 544 passim,
1131 481 1201 527 ,re-

97 536 144 589 de
157 538 278 591 monet
293 530 447 596 Eustath.
461 552 494 619 p.
510 532 621 607 25,17.
637 536 758 620 [3838]
773 536 971 622 ἀμφιβαίνειν
983 563 1056 607 esse
1067 546 1197 627 σκέπειν,

96 610 137 673 iia
149 606 166 697 ΙΙ
178 608 244 697 leg.
259 616 309 677 ιιαλ
323 617 487 699 περιέπειν,
508 638 578 700 quo
591 637 692 682 sensu
706 622 802 684 iuxta
816 643 894 689 cum
908 631 1093 711 περιβαίνειν
1106 627 1238 697 1111111190

98 712 170 760 raro
185 699 342 762 obvium:
362 704 429 767 vid.
443 699 571 769 Aelian.
584 703 627 766 de
640 702 749 767 Anim.
763 702 821 770 lib.
838 709 894 774 iil.
910 730 938 773 o.
955 716 1004 776 46.
1018 726 1053 777 et
1067 712 1123 777 lib.
1138 715 1197 781 Vl.

99 782 185 845 cos.
242 783 375 871 loseph.
398 785 438 851 A.
460 786 484 849 l.
504 784 564 850 lib.
582 788 654 850 Vll.
683 810 710 853 c.
727 794 783 866 12,
807 798 833 855 1.
859 789 1046 879 ὑπερήσπισε
1068 798 1199 882 περιβὰς

99 869 238 945 κτίμενον.
287 870 338 933 De
357 868 556 936 animalibus
577 871 705 938 catulos
725 872 927 947 lactantibus
946 881 1052 968 Long.
1067 884 1196 949 Pastor.

98 947 147 1013 lib.
160 952 186 1017 l.
202 973 238 1038 p.
252 958 283 1020 8.
298 956 346 1103 [ἱ.
355 960 385 1030 4,
402 952 525 1045 1.],8ρρῖ
540 954 613 1041 αἶγα
625 961 865 1042 πεφυλαγμένως
875 971 1120 1049 περιβεβηκυῖαν,
1133 991 1195 1034 cu-

100 1036 298 1103 insensum
344 1041 408 1103 aud
428 1041 586 1105 adsecuta
602 1042 714 1107 Mollii
730 1050 841 1109 versio
864 1070 926 1134 per
941 1052 978 1115 τὸ
999 1052 1198 1117 circumeun-

99 1133 163 1197 1ιιι,
185 1144 253 1203 nec
268 1134 306 1188 ut
320 1146 436 1191 verum
449 1126 557 1190 fatear
569 1129 654 1191 mihi
667 1133 701 1192 in
715 1144 853 1214 promtu
869 1145 921 1197 est
936 1136 1088 1213 verbnm,
1102 1139 1195 1220 quod

99 1206 255 1271 Graecam
274 1209 413 1297 phrasin
437 1214 519 1275 satis
539 1210 733 1295 exhauriam
761 1212 883 1281 melius
901 1219 983 1303 quid
1003 1220 1083 1283 dum
1097 1225 1194 1288 inve-

98 1296 257 1375 nerimus,
286 1298 444 1361 verterim
458 1305 566 1381 possis
585 1304 718 1382 pedibus
739 1307 961 1386 circumspecte
972 1330 1069 1388 puero
1082 1330 1195 1391 super-

96 1390 232 1442 dnniem.
282 1377 401 1446 Conon
422 1380 557 1467 Narrat.
572 1386 622 1447 48.
650 1380 742 1456 λύκος
761 1383 902 1463 νεοτόκος
920 1388 1109 1474 ἐπιτυγχάνει
1130 1400 1196 1467 thie

96 1464 222 1536 wdlnec
236 1464 285 1531 καὶ
299 1462 467 1549 inordina
486 1503 572 1516 --
590 1478 714 1555 πάρεῖχε
729 1471 786 1547 τὰς
798 1467 911 1555 θηλάς.
953 1472 1050 1539 conf.
1068 1473 1195 1563 Spanla,

83 1548 126 1611 -ed
142 1546 278 1613 Gallim.
297 1548 328 1615 h.
343 1549 416 1616 Del.
436 1567 482 1617 11.
498 1555 551 1617 27.

166 1665 227 1732 Vs.
244 1666 317 1733 204.
371 1686 471 1757 dioec
487 1685 545 1741 κατ’
567 1682 662 1740 αὐτῶν
678 1684 794 1760 ὀλεθρία
810 1686 991 1759 βουλεύσεται

359 1770 507 1841 Αευστῆρα
525 1784 597 1816 -ss
614 1768 707 1842 μόρον
718 1804 798 1828 -.

89 1843 329 1916 Difficultatum
356 1854 464 1919 triade
485 1854 539 1920 his
560 1867 674 1920 moret
693 1854 883 1944 Η.81ερ11.,
903 1856 1031 1920 nnllam
1047 1876 1194 1941 agnosco

89 1958 153 2021 ego.
212 1936 298 2000 Nam
317 1938 408 2021 quod
431 1942 514 2004 dicit
527 1946 640 2025 ψῆφον
658 1933 741 2003 ferri
759 1947 925 2041 deliberari
938 1963 1023 2025 quae
1038 1946 1194 2041 deliberet,

87 2034 829 2195 11.1ἴ.11111;.11.11.11111131111.
856 2044 1194 2191 {hillidii

85 2200 163 2265 ιθιζιιι
185 2196 357 2279 acceperis
372 2215 437 2281 pro
458 2203 652 2276 consultare,
686 2202 848 2260 consilinm
864 2202 1001 2277 agitare,
1035 2200 1105 2259 sive
1127 2215 1193 2281 pro

84 2280 269 2356 deliberare,
291 2280 409 2367 eodem
425 2276 579 2361 ¹redibit‚'
590 2302 666 2344 cum
681 2300 726 2344 ex
747 2300 846 2347 versu
861 2284 1015 2363 sequenti
1030 2280 1112 2361 quid
1128 2280 1194 2342 de-

83 2360 269 2427 liberatura
281 2368 346 2441 sit,
369 2384 492 2453 nempe
512 2371 666 2452 λευστῆρα
678 2362 796 2449 μόρον,
823 2374 985 2452 patescat.
1043 2362 1114 2429 Hac
1126 2384 1192 2428 au-

85 2456 153 2511 tem
168 2445 369 2514 difficultate
381 2462 529 2528 remota,
556 2472 619 2538 per
634 2473 670 2517 se
684 2452 773 2515 cadit
788 2448 927 2537 alselin,
955 2462 989 2514 et
1003 2448 1233 2514 rectissimam

83 2535 202 2617 utique
216 2540 327 2618 ψῆφον
342 2535 428 2599 dixit
451 2536 600 2621 ὀλεθρίαν
621 2542 693 2601 eius
713 2543 870 2622 respectu
879 2584 889 2615 ,
917 2538 971 2598 cui
986 2533 1121 2619 ὄλεθρον
1133 2538 1192 2595 in-

84 2627 203 2683 tentat.
245 2618 303 2682 sic
316 2618 447 2685 ratione
462 2622 561 2711 parili
575 2626 609 2684 in
624 2623 800 2707 Agamus
808 2622 882 2684 825.
896 2619 1109 2703 ἀνδροθνῆτες
1119 2616 1192 2683 Ἰλί-

85 2704 122 2767 ii
134 2704 385 2789 φθοραλιμῆφσι.
428 2706 556 2772 Demus
567 2720 681 2771 tamen
694 2707 784 2790 quod
800 2717 896 2791 putat
912 2709 964 2771 vir
980 2705 1099 2769 (luctus
1112 2708 1193 2785 βου-

85 2784 223 2853 λεύσεται
237 2793 370 2874 passive
386 2797 559 2876 positum,
577 2792 657 2854 idne
674 2795 825 2855 omnium
840 2791 1029 2853 merebatur
1044 2790 1193 2889 durissi-

86 2890 175 2955 mum
190 2871 358 2940 iudicari?
390 2879 471 2961 quid
491 2877 702 2962 frequentius
722 2878 855 2963 passivo
869 2873 975 2938 futuri
987 2875 1089 2938 medii
1104 2868 1193 2941 usu?

87 2954 163 3023 vid.
186 2970 256 3024 not.
280 2958 323 3023 ad
343 2958 449 3025 Thuc.
469 2962 527 3027 lib.
545 2963 570 3025 l.
590 2983 619 3026 c.
634 2964 686 3024 81.
706 2959 766 3025 lib.
781 2961 868 3031 11.,σ.
881 2962 933 3024 87.
959 2969 993 3022 et
1011 2958 1079 3058 ,VH‘
1093 2979 1122 3023 c.
1138 2957 1191 3023 25.

87 3040 251 3130 Stolberg.
264 3044 306 3107 ad
322 3043 426 3132 Soph.
444 3046 534 3112 hiae.
549 3067 596 3112 vs.
611 3047 684 3109 512.
725 3046 864 3109 Barnes.
881 3043 924 3106 ed
938 3043 1057 3128 Enrip.
1074 3040 1192 3107 Helen.

88 3148 130 3193 11.
145 3128 219 3193 859.
243 3143 278 3193 et
304 3133 516 3233 quihus-non
535 3131 610 3196 eliis
625 3130 682 3195 hic
703 3131 814 3194 dictus
830 3125 959 3216 Hylas?
1002 3128 1093 3211 Quin
1117 3130 1192 3213 ipse

87 3208 273 3303 Aeschylus
292 3213 439 3299 ἄρξονται
458 3221 506 3281 ita
528 3215 667 3281 adhibet
684 3220 720 3280 in
738 3214 827 3279 Pers.
842 3228 891 3281 vs.
910 3215 983 3277 591.
1005 3226 1038 3278 et
1054 3209 1192 3296 aliquo-

88 3300 147 3379 iles
167 3298 378 3364 Herodotus:
407 3303 472 3369 vid.
494 3300 553 3367 lib.
570 3303 628 3366 111.
648 3324 675 3364 c.
691 3305 741 3366 83.
761 3298 821 3366 lib.
844 3298 1190 3364 v11.c.160.e1162.

79 3379 185 3471 ¹hique
206 3380 272 3447 fine
291 3383 348 3447 lib.
364 3388 418 3448 lX.
443 3389 534 3452 unde
553 3400 707 3472 apertum
730 3389 767 3450 iu
787 3384 876 3449 edita
890 3381 941 3447 nil
957 3383 1190 3451 innovandum

88 3490 159 3535 cnm
171 3467 279 3537 Stanl.
293 3470 359 3534 hoc
372 3472 503 3548 minus,
524 3471 765 3557 quodquidam
783 3468 885 3555 φέρειν
892 3512 903 3543 ,
927 3468 1098 3553 διαφέρειν,
1120 3468 1191 3531 ἐπι-

88 3554 185 3641 niem
199 3563 235 3619 et
249 3556 397 3621 τίθεσθαι
408 3562 519 3643 ψῆφον
530 3560 653 3621 usitata
664 3558 836 3633 noverim,
857 3555 914 3638 qui
929 3552 1055 3618 dixerit
1066 3540 1192 3633 βάλλειν·

87 3646 193 3727 ψῆφον
203 3652 377 3705 auctorem
389 3662 523 3727 quaero.
553 3640 673 3705 Nostri
688 3642 789 3705 verba
801 3641 951 3702 imitatus
966 3639 1101 3703 videtur
1116 3634 1191 3698 Eu·-

87 3730 111 3791 rl
136 3730 196 3791 .in
216 3725 333 3791 Orest.
346 3745 393 3792 vs.
409 3729 480 3791 441.
501 3732 613 3811 ψῆφος
631 3723 705 3790 καθ’
723 3722 812 3807 ἡμῶν
831 3724 965 3800 οἴσεται,
993 3722 1050 3784 uhi
1071 3719 1199 3782 itidem·

86 3810 218 3886 οἴσεται,
244 3814 296 3873 1111
312 3812 404 3875 vides
418 3815 567 3877 occurrit
580 3816 782 3894 παθητικῶς.Ι
812 3808 902 3873 Turn
916 3820 952 3870 ut
968 3806 1024 3869 hic
1035 3808 1191 3888 λευστῆρα

85 3898 193 3982 μόρον,
215 3898 266 3959 sic
286 3897 396 3978 πέτρον
412 3902 567 3982 λευστῆρα
579 3894 683 3960 habes
698 3899 734 3959 iu
746 3893 919 3982 Lycophr.
935 3909 979 3955 vs.
999 3892 1087 3953 1187.
1139 3890 1189 3953 De

84 3982 318 4069 antiquissimo
343 3981 512 4067 lapidibus
546 3994 661 4047 sontes
684 3978 851 4053 obruendi
879 3972 1036 4061 supplicii
1064 3993 1188 4121 ¹{ansere

142 4079 217 4135 eter
236 4063 321 4130 alios
339 4066 406 4133 vid.
426 4060 554 4132 Meurs.
572 4068 614 4131 ad
636 4084 683 4130 vs.
704 4062 777 4129 esi:
826 4062 864 4125 ln
889 4063 998 4129 verbis
1018 4058 1062 4123 Sc
1088 4056 1130 4121 ol.
1149 4056 1187 4120 A.

97 4156 105 4171 '
130 4158 181 4219 .8.
200 4152 244 4215 ad
260 4170 305 4216 vs.
321 4142 916 4239 203.101111Ιρς.μίσονιλλλοούκεῖἠ,
940 4142 990 4211 vel
1007 4144 1063 4208 οὐκ
1080 4143 1118 4207 ἂν
1130 4141 1187 4237 εἴη,

85 4236 135 4305 vel
146 4242 250 4305 etiam
268 4239 302 4301 τί
317 4235 355 4301 ἂν
368 4238 464 4320 μέσον
481 4238 557 4303 ἄλλο
572 4238 638 4319 εἴη,-
663 4235 843 4317 μεταίχμιον
857 4250 922 4317 pro
936 4228 1032 4313 μέσον
1046 4248 1112 4290 non
1136 4238 1186 4289 esi

86 4322 280 4413 infrequens
296 4323 363 4393 vid.
384 4322 474 4391 inter
487 4320 573 4391 elios
586 4318 759 4421 Lycophr.
777 4333 825 4387 vs.
839 4317 910 4383 443.
953 4315 1089 4421 hucian.
1105 4309 1130 4399 11
1152 4314 1185 4375 in
1196 4317 1232 4372 11

1208 4504 1231 4545 O
