2626 4792
331 195 399 266 uo
424 192 841 307 nonuuuuouutu.
1070 202 1140 279 165

67 364 1142 547 11181118111188ὲῖ.1111815111881111.

67 538 106 599 12.
118 538 234 616 θαῦμα
246 534 334 600 οὕτω
350 535 431 620 μέγα
446 538 535 622 opud
549 538 675 605 tettan.
693 541 736 607 de
748 543 858 609 Anim.
871 545 930 608 tib.
944 544 986 610 ll.
999 564 1029 611 o.
1045 548 1075 609 2
1088 546 1141 611 uni

67 620 224 701 αομαοτὸν
236 619 326 685 οὐδέν
339 625 375 710 in
388 620 528 685 Aristid.
543 620 638 691 Tom.
653 626 805 713 1.'p.572.
821 640 855 695 et
863 628 958 693 Tum.
971 628 1012 695 ll.
1025 650 1058 716 p.
1067 632 1139 696 126.
1235 710 1237 714 .

79 710 182 771 τοῦτο
197 712 312 788 θαῦμα
324 704 441 792 Eurip.
457 707 558 794 llipp.
580 728 626 775 vs.
646 711 719 777 439.
743 721 778 777 et
790 711 887 777 οὐδὲν
907 718 1021 795 θαῦμα
1037 717 1073 777 iu
1087 712 1139 779 El.

67 810 78 853 ¹.
90 790 166 855 288.
211 792 420 873 Vocabulum
432 792 608 878 ἕπίμομφος
621 799 744 861 iterum
756 810 929 883 comparet
941 801 980 863 in
987 794 1139 884 Choepb.

67 894 81 939 ι.
95 876 170 953 880.
186 888 218 939 et
233 873 350 962 Eurip.
366 875 468 941 ltbes.
482 880 554 959 827.
573 878 672 945 Thes.
690 880 806 967 Steph.
822 886 975 969 ignorat?
1007 882 1141 957 εὐπετῶς

67 959 97 1021 ia
115 956 173 1023 bic
192 956 299 1045 pollet
319 964 460 1041 virtute,
486 982 584 1045 quam
599 963 699 1052 vulgo
718 966 825 1042 solet,
853 988 973 1055 nempe
987 987 1045 1045 ea,
1065 985 1139 1052 ¹qua

67 1060 88 1107 n
108 1044 235 1109 dicitur
254 1049 430 1131 quaepiam
438 1038 484 1111 *nl
506 1050 639 1113 ututur:
671 1052 736 1117 vid.
756 1070 857 1137 supra
875 1053 916 1115 ad
935 1071 980 1117 vs.
994 1056 1046 1118 32.
1087 1053 1139 1117 Do

67 1128 269 1201 uenditione
286 1133 459 1217 proposita
476 1132 542 1195 hoo
554 1133 653 1210 addo,
667 1140 695 1199 si
710 1139 765 1199 cui
779 1133 880 1201 ταατά
918 1136 1140 1201 lu'oueritlle-

67 1210 153 1277 'chio
170 1218 356 1299 interprete
373 1235 438 1301 pro
456 1216 496 1281 τὰ
509 1217 580 1297 ἴσα,
605 1219 645 1284 τὰ
667 1218 780 1301 ὅμοια,
808 1243 876 1305 quo
919 1233 1030 1287 tamen
1054 1220 1139 1285 milti

67 1317 100 1361 tu
115 1301 223 1383 liquet
242 1300 284 1361 ad
304 1317 441 1365 sensum
463 1305 520 1385 qui
536 1306 616 1381 satis
632 1307 676 1371 sit
690 1306 923 1384 commodum,
950 1306 1038 1371 nihil
1052 1302 1140 1371 ultra

79 1384 172 1449 edita
184 1383 260 1447 fore
272 1387 523 1469 requirendum.
622 1414 630 1425 ·

118 1514 165 1580 Vs
190 1514 263 1578 664.
307 1525 447 1601 Μόχθους
463 1531 518 1607 γὰρ
539 1534 564 1587 ei
582 1534 690 1605 λέγοιμι
710 1535 757 1587 nni
775 1532 934 1600 δυσαυλίας,
1035 1520 1044 1569 .'

320 1618 476 1689 ΙΙΣπαρνὰς
493 1614 621 1691 παρῆξέτς
638 1621 684 1672 καὶ
701 1615 925 1691 κακοστρώτους,
945 1620 974 1671 τί
988 1612 1018 1670 d'
1039 1611 1073 1671 οὖ
1144 1615 1195 1670 309

311 1704 475 1771 Στένοντες,
495 1703 528 1759 οὔ
547 1702 679 1776 λαχόντες
694 1700 800 1777 ἤματος
819 1708 919 1779 μέροςς
1106 1702 1111 1709 ”

67 1824 79 1867 ο
94 1798 260 1867 molestiis
278 1800 360 1871 baec
372 1803 593 1891 intelligenda
609 1820 642 1871 et
657 1807 900 1885 incommodis,
923 1822 1008 1887 quae
1022 1804 1060 1868 iu
1074 1820 1138 1866 na-

67 1889 291 1973 busperpessi
305 1888 451 1970 fuerant,
465 1902 597 1954 tantum
612 1910 681 1955 non
692 1894 848 1961 evincunt
856 1888 924 1964 illa,
931 1907 1016 1971 quae
1025 1906 1138 1972 oppo-

67 1980 173 2049 intur,
192 1972 233 2037 ut
245 1971 273 2041 δ’
289 1964 363 2037 αὖτε
373 1976 477 2063 χέρσῳ
495 1979 546 2039 καὶ
557 1982 678 2059 προσῆν
692 1975 784 2041 πλέον
796 1971 915 2059 στύγος.
958 1974 1015 2035 sio
1025 1972 1139 2055 χέρσος

76 2056 233 2123 θάλασσα
250 2059 293 2121 ad
307 2078 344 2121 se
357 2073 476 2125 mutuo
489 2060 689 2127 referuntur
708 2064 743 2125 iu
761 2060 852 2127 Pers.
870 2061 1006 2125 tu'109.
1049 2054 1135 2121 Add.

67 2145 170 2209 ,871
192 2140 343 2229 Supplio.
369 2163 416 2211 ts.
437 2149 507 2211 186.
562 2143 722 2235 Apollod.
743 2144 800 2208 lib.
820 2145 861 2208 ll.
882 2164 910 2206 c.
929 2146 958 2218 1,
977 2146 1005 2207 8.
1028 2152 1062 2206 et
1082 2136 1138 2203 le-

67 2246 119 2292 co.
178 2228 224 2289 lta
245 2224 389 2311 παρήξεις
409 2230 551 2309 dixerit,
586 2252 671 2316 quae
688 2228 765 2295 ¹tiliis
782 2227 915 2313 πάροδοι
927 2230 949 2291 i.
967 2248 993 2290 e.
1013 2222 1087 2295 loct
1099 2226 1136 2287 iu
1182 2232 1188 2256 ⁵

67 2314 173 2379 ‚vibus
193 2316 420 2396 navigantium
444 2319 661 2382 inservientia
677 2316 927 2393 commoditati,
960 2331 1021 2375 seu
1038 2329 1137 2375 mau-

67 2416 164 2475 tum,
190 2400 249 2481 ubi
268 2400 448 2483 degebant:
483 2399 548 2464 vid.
563 2398 730 2465 scheller.
754 2403 789 2463 iu
811 2398 885 2462 add.
906 2398 948 2461 ad
969 2392 1040 2471 Mil.
1053 2394 1135 2461 Nar.

82 2484 156 2551 320.
169 2502 258 2566 seq.;
277 2479 375 2546 aliter
391 2498 482 2548 certe
498 2506 565 2549 non
580 2485 752 2553 intellexit
764 2480 876 2549 Schol.
889 2480 1062 2546 illustrans
1076 2497 1139 2565 per

67 2567 239 2713 ιραδρομὰς
256 2568 304 2631 tut
322 2574 380 2632 τοῦ
399 2567 665 2655 καταστρώματος
680 2578 743 2635 τῶν
761 2576 849 2636 νεών.
878 2563 1028 2674 89113183
1043 2564 1138 2629 dtin-

67 2672 129 2717 οιο
155 2674 211 2715 um
222 2656 396 2737 permitto,
409 2675 451 2718 au
466 2659 710 2743 nonsoriptum
722 2656 996 2742 oportuissetvno
1009 2655 1065 2715 τοῦ
1077 2672 1150 2748 ens

67 2733 264 2823 στρώματος.
313 2738 415 2803 Favet
433 2742 492 2803 isti
511 2742 784 2827 interpretationi
804 2742 945 2823 iusuper
958 2732 1138 2821 Thucyd1-

67 2840 111 2899 te,
144 2842 212 2906 quo
231 2832 319 2886 teste
339 2821 394 2886 lib.
411 2825 433 2886 Ι.
458 2847 485 2889 c.
507 2830 554 2889 10.
576 2828 705 2909 navigia
727 2836 810 2891 tunc
832 2842 900 2885 nou
922 2829 1019 2889 erant
1038 2814 1136 2883 κατά-

67 2930 176 2989 tauta,
204 2910 285 2991 quin
306 2906 364 2971 diu
384 2910 494 2971 adbuc
513 2921 591 2995 post
603 2921 756 2994 tempora
772 2907 936 2986 Troiana;
965 2902 1029 2968 vid.
1043 2925 1070 2966 c.
1085 2906 1135 2966 14.

67 2992 223 3057 αααλιάα
254 2988 409 3067 ὃώααολος
430 2992 570 3072 valebit,
608 2994 700 3077 quod
722 2996 834 3056 notavi
858 2991 899 3052 ed
919 2987 1135 3076 Hesychium.

67 3098 142 3161 tque
160 3081 206 3138 ita
223 3080 249 3139 si
266 3081 341 3160 quis
355 3077 445 3142 volet
457 3079 540 3143 haee
553 3097 726 3164 exponere
737 3096 800 3164 per
812 3096 865 3157 me
880 3073 980 3156 licet,
997 3077 1070 3158 ipse
1084 3084 1137 3133 ta-

67 3183 109 3226 eu
125 3182 192 3223 nou
207 3162 272 3224 boc
288 3160 398 3225 solum
409 3161 566 3249 intelligi,
583 3163 640 3227 sed
657 3161 709 3228 toi
724 3165 904 3249 praecipue
918 3161 1042 3244 respici
1058 3159 1137 3220 exi-

67 3249 166 3311 imem
185 3247 227 3308 ad
246 3248 478 3323 incommoda,
507 3267 591 3331 quae
609 3247 780 3334 pertulere
796 3250 831 3307 in
849 3242 972 3309 Aulide
986 3243 1136 3307 adversis

67 3334 143 3401 tutis
162 3335 302 3407 retenti,
324 3334 502 3416 dequibus
517 3331 658 3398 multum
672 3342 859 3414 queruntur
874 3350 942 3393 nou
957 3326 1046 3415 apud
1061 3326 1135 3389 Eu·

67 3414 179 3503 pidem
192 3417 312 3495 modo,
334 3418 445 3489 sedet
464 3427 619 3481 nostrum
638 3412 821 3504 susspra'vs.
842 3417 909 3479 198
917 3434 1029 3507 seqq..
1061 3411 1194 3509 lloctto

67 3500 191 3578 tdiont„
219 3521 320 3585 quam
341 3505 399 3565 diu
419 3504 455 3567 iu
468 3500 589 3579 Aulide
603 3503 732 3581 detenti
747 3500 892 3575 inerint,
907 3498 999 3583 ''raro
1013 3497 1078 3563 sibi
1091 3493 1136 3556 lt-

67 3588 142 3651 tiste
157 3588 219 3651 sub
234 3591 333 3651 tectis
349 3591 552 3651 commorari
566 3597 600 3651 et
613 3587 792 3667 diversari,
820 3585 1015 3653 cubationes
1032 3579 1137 3642 luisse
1167 3664 1170 3669 .

67 3668 119 3735 tle
139 3681 271 3736 stratas.
320 3672 365 3735 Et
385 3669 438 3738 vel
459 3675 509 3735 sio
530 3671 661 3756 πώρηξις
674 3674 739 3745 erit
754 3664 909 3755 πάροδος,
928 3660 1137 3751 ’παρέλεοοτςῑ
1174 3726 1178 3741 ‚

67 3776 111 3821 tm
130 3757 223 3839 quod
242 3753 379 3842 πάροδος
393 3759 427 3819 in
441 3760 536 3833 navi,
570 3759 659 3837 idem
680 3762 771 3823 aedes
785 3758 819 3817 in
829 3762 944 3833 terra',
979 3748 1137 3859 quodque

67 3839 173 3925 ιριὲναι
186 3851 219 3904 et
234 3842 446 3926 παρέρχεσθαι
463 3841 625 3907 latissime
639 3853 766 3920 sumta,
797 3838 888 3902 idem
910 3859 1066 3919 παρηκειν.
1102 3840 1136 3895 et

67 3930 184 3992 tamvis
198 3947 261 4011 pro
282 3929 493 4013 ingrediendi
512 3928 752 4015 signific‘atioue
766 3928 801 4021 ’ρο
814 3932 950 4009 promtu
965 3940 1054 3982 nuno
1067 3936 1134 3980 non

67 4010 305 4099 texemplum,
334 4023 446 4074 tamen
467 4012 510 4079 de
530 4018 567 4075 e'a
590 4032 692 4077 nemo
716 4008 891 4073 dubitabit.
942 4000 1030 4069 illud
1046 4022 1136 4089 quo-

67 4094 213 4159 tmmodo
253 4095 408 4175 eculiere,
420 4100 510 4182 quod
525 4100 664 4183 ponitur
679 4095 748 4161 duni
761 4096 818 4157 τοῦ
831 4087 974 4176 προήκειν
989 4093 1023 4152 in
1034 4088 1135 4173 Sopb.

67 4186 121 4248 iao.
135 4200 183 4249 rs.
197 4184 217 4244 5
240 4187 269 4244 7.
287 4184 371 4267 [imo
391 4181 462 4245 742.
474 4182 548 4266 Bu]

184 4289 234 4345 τὸν
251 4290 327 4363 ἄνδρ’
349 4288 463 4361 &nnita
489 4296 609 4363 Τεῦκρος
627 4294 745 4349 it‘dodet‘
764 4290 859 4360 στέγης

183 4370 286 4441 μὴ’ξω
305 4370 456 4443 παρήκειν.
480 4406 635 4423 --··-·-
707 4456 710 4461 Ι
804 4446 807 4451 Ι
