2626 4792
356 125 491 269 ¹an
567 158 890 270 suasus
973 195 1195 271 ’.ια

86 377 187 521 mulsi
196 371 299 439 verba
313 371 426 454 capite
447 380 566 433 trunca
583 365 666 432 hinc
680 369 900 433 restituimus.
951 361 1051 432 Coni.
1066 363 1110 437 ad
1123 365 1197 431 Eu·
1231 388 1237 407 ·

87 463 147 549 rip.
189 474 297 520 arnes.
630 480 634 490 ·
1159 480 1162 487 ·

114 596 117 601 ·
166 574 227 639 Vs.
243 575 316 637 831.
358 618 430 629 -
446 586 555 639 ἐκεῖνον
572 580 731 654 σωφρονεῖν)
748 586 912 658 κεχρημένοι

357 670 501 729 Πινύσκεά
521 670 662 745 εὐλόγοισι
679 671 879 746 νουθεσήμασι.

86 778 231 857 Videtur
249 772 366 839 Schol.
387 774 559 862 duplicem
587 796 604 839 a
630 778 764 841 novisse
787 772 994 851 lectionem,
1023 785 1061 839 ut
1083 774 1195 843 editur

87 862 280 949 κεχρημένοι,
306 872 340 923 et
356 862 552 946 κεχρημένον.
588 797 779 947 -iitrallque
795 873 865 925 tam
885 871 962 947 apta
975 859 1016 921 ad
1031 860 1100 924 loci
1114 878 1254 935 sen-235

86 972 171 1030 sani,
183 958 223 1012 ut
235 946 378 1031 digitum
389 968 456 1010 non
465 949 637 1023 verterim,
649 950 718 1009 utri
732 949 861 1031 primae
874 943 1083 1021 deierantur.
1099 945 1195 1025 'Vul-

82 1036 179 1125 'gatae
199 1049 298 1095 mens
319 1034 404 1107 erit,
429 1029 519 1114 ὑμεῖς
542 1030 720 1116 κεχρημένοι
734 1037 779 1118 τῷ
797 1055 879 1116 cop.
899 1055 961 1093 σιν.
978 1028 1075 1094 αὐτὸν
1094 1068 1217 1111 --,,

85 1144 136 1187 uec
153 1121 295 1205 praediti
311 1121 482 1199 prudentio
504 1141 606 1179 -ε
643 1115 829 1201 κεχρημένον
848 1119 878 1180 si
898 1112 991 1199 leges
1010 1114 1078 1179 hoo
1095 1115 1197 1196 dicet,

84 1210 136 1279 pis
158 1209 346 1282 indigentem
368 1205 470 1264 doceri
491 1209 663 1287 corrigique
683 1209 847 1265 instituite.
901 1198 970 1263 Hes
996 1200 1064 1264 ch.:
1092 1199 1197 1267 inevi-

88 1312 183 1369 cmv,
201 1281 365 1350 διδάσκειν.
395 1287 598 1366 atiniacum,
628 1282 846 1371 ἐσωφρόνισεν.
894 1221 994 1349 coni.
1012 1284 1136 1370 Spanh.
1152 1286 1195 1351 ad

88 1370 167 1441 Gall.
179 1371 214 1435 h.
230 1370 325 1432 Dian.
339 1388 386 1434 vs.
405 1370 474 1434 152
516 1371 568 1434 De
585 1371 777 1453 κεχρημένος.
798 1371 864 1437 vid.
877 1368 919 1432 ad
934 1366 1170 1519 Heszohiumw

168 1456 227 1521 Vs.
244 1456 317 1519 841.
345 1457 412 1539 Γῆς
423 1451 484 1520 διεδ
502 1454 597 1541 ζόφον
609 1454 701 1520 κάτω.
746 1455 902 1519 Pariliter
915 1451 1009 1537 loqur
1028 1475 1067 1519 ur
1075 1454 1194 1545 Eurip.
1281 1470 1284 1477 ·

86 1542 174 1609 inHi
202 1539 272 1626 pol.
294 1543 449 1606 vs.1416.
473 1550 507 1604 et
529 1543 605 1615 Hec.
620 1544 694 1604 208.
743 1540 891 1605 Versum
911 1537 1035 1603 abhinc
1053 1546 1195 1607 tertium

85 1562 293 1694 citatibom.
302 1622 390 1710 Mag.
404 1636 442 1688 ut
456 1625 614 1690 ostendat
627 1628 744 1711 poitas
759 1623 888 1710 ὠφελεῖν
900 1636 1195 1692 construere-cum

82 1714 199 1789 tertio,
221 1720 372 1789 oratores
387 1730 463 1772 cum
479 1712 657 1777 accusandi
675 1730 762 1775 casu.
807 1709 910 1793 Quod
926 1712 1063 1793 quidem
1078 1730 1196 1777 verum

79 1798 153 1877 est,'
166 1795 228 1861 sed
243 1794 376 1880 linguae
388 1796 447 1856 ubi
463 1794 619 1860 consulas
630 1799 809 1870 rationem,
831 1794 1005 1870 differunt,
1025 1805 1065 1858 ut
1077 1806 1196 1861 nostra

78 1886 258 1961 voordeeiig
272 1901 330 1962 syn
338 1923 350 1958 ,
374 1889 408 1944 et
422 1885 650 1955 bevcordaelen.
698 1878 811 1941 Dandi
825 1899 938 1943 casum
954 1893 1089 1965 praeter
1099 1881 1196 1946 Thu-

78 1968 298 2056 cydiden-sae
324 1967 375 2026 ius
388 1961 767 2027 adhibuitAristoteles:
789 1963 854 2028 vid.
868 1964 992 2043 lexica.
1029 1963 1117 2029 Mox
1130 1968 1197 2032 aio-

75 2055 230 2138 έρχεσθον
251 1986 430 2116 violentiae
452 2052 602 2112 occurrit
616 2044 862 2134 significatione
880 2068 947 2135 pro
968 2055 1128 2126 invadere,
1157 2065 1196 2116 ut

78 2140 215 2222 accepit
228 2154 361 2217 quoque
374 2137 543 2218 interpres
556 2137 590 2196 in
602 2131 760 2220 Apollod.
778 2131 835 2196 lib.
850 2134 891 2196 ΙΙ.
907 2155 935 2196 c.
950 2132 981 2212 4,
996 2138 1025 2196 8.
1043 2138 1103 2198 sed
1120 2157 1196 2201 ma-

77 2220 134 2304 le3
163 2240 273 2302 neque
295 2222 384 2283 enim
406 2218 556 2284 εἰσελθών
579 2221 622 2293 εἰς
647 2218 779 2298 βασιλέα
801 2222 888 2284 verti
911 2219 1054 2282 debebat
1076 2227 1196 2304 impetu

75 2310 172 2389 facto
190 2326 353 2388 aggressus
363 2328 473 2386 regem,
485 2304 544 2368 sed
558 2312 716 2385 ingressus
729 2313 762 2366 in
777 2310 904 2384 regium.
947 2303 1060 2367 Actor.
1069 2304 1194 2371 cxvi

79 2413 133 2456 vs.
146 2395 197 2456 40.
221 2391 368 2472 εἰσῆλθον
389 2392 431 2464 εἷς
451 2389 510 2470 τὴν
530 2391 668 2454 Λυδίαν.
716 2387 785 2457 Ubi
810 2387 971 2453 similium
988 2387 1113 2477 largam
1133 2412 1194 2473 oo·

81 2479 175 2562 piam
193 2472 411 2539 contulerunt
428 2474 465 2535 V.
476 2476 516 2537 D.
1268 2508 1271 2512 ,

169 2561 224 2625 Vs.
240 2560 311 2623 857.
344 2555 485 2642 Ἀκάκης.
532 2557 659 2623 Eadem
680 2578 748 2624 uox
762 2558 853 2644 apud
870 2557 1010 2622 Aristid.
1024 2556 1121 2624 Tom.
1138 2560 1194 2624 Ill.

85 2668 123 2733 p.
138 2648 205 2711 179.
226 2649 313 2730 κοινῇ
328 2645 386 2726 μὲν
404 2644 546 2719 ἅπαντας
567 2645 694 2725 (θεοὺς)
718 2639 969 2727 δωτῆραςεάων
991 2641 1194 2725 ὀνομάζουσιν

91 2730 132 2812 (οἶ
145 2732 299 2814 ποιηταὶ)·
322 2732 386 2819 ἰδία
406 2731 427 2793 δ
430 2727 439 2754 ’
455 2728 538 2794 οὕτω
555 2726 653 2811 μόνον
666 2735 778 2794 τοῦτον
790 2725 1035 2811 (Mercurium)
1048 2733 1100 2794 καὶ
1113 2728 1195 2795 ἀκά-

90 2814 162 2900 αηῐά
173 2840 206 2902 ηε
219 2817 270 2879 καὶ
282 2814 440 2896 ἐριούνιον.
471 2811 551 2876 alibi
565 2812 722 2898 οἶκακήσης
734 2833 800 2900 pro
821 2812 951 2878 eodem.

165 2913 242 3002 1le
255 2917 327 2979 860.
355 2919 476 3000 Πρῶτα
495 2911 659 2997 εὐδοκίμου
676 2921 826 3002 στρατιάς
839 2910 1087 3000 άπεφαινάμεθα.
1131 2918 1263 2985 Iri-286.

94 3012 134 3062 ter
151 3008 231 3064 olins
251 3013 356 3082 gentes
376 3007 510 3081 probato
538 3010 680 3067 exercitu
698 3008 820 3084 primas
840 3005 987 3074 tulimus,
1022 2994 1078 3067 vel
1097 3009 1195 3089 primi

80 3085 213 3160 suimus.
235 3091 346 3168 πρῶτα
360 3083 479 3148 Attice
488 3082 557 3147 duri
570 3091 627 3148 τοῦ
640 3090 767 3165 πρῶτοι.
811 3084 949 3148 Lucian.
958 3084 1053 3150 Tom.
1061 3085 1087 3153 I.
1101 3110 1133 3175 p.
1142 3090 1194 3154 80.

95 3168 234 3253 [Timon.
249 3171 299 3234 35.
316 3167 377 3234 vol.
389 3170 412 3232 l.
452 3169 566 3252 ‚147.].
587 3168 655 3235 ἴσθι
668 3170 845 3252 Ἀθηναίων
858 3169 898 3234 τὰ
912 3175 1032 3255 πρῶτα.
1056 3171 1144 3237 adde
1157 3195 1193 3261 p.
1245 3187 1247 3192 '

94 3255 136 3319 91.
146 3257 202 3341 [ib.
218 3255 305 3317 αδδ.
321 3275 352 3340 p.
366 3191 452 3338 titi.
475 3253 616 3318 Aristid.
628 3255 722 3319 Tom.
732 3254 755 3316 l.
771 3277 802 3340 p.
816 3255 867 3319 56.
882 3247 1016 3340 ὦπάτερ
1028 3254 1068 3319 τοὶ
1081 3263 1193 3342 πρῶτα

80 3346 145 3407 ,τῶν
157 3339 266 3406 ὄντων.
288 3351 322 3402 et
336 3361 368 3425 p.
376 3341 447 3402 505.
463 3328 489 3401 ὦ
504 3340 587 3423 φίλοι
599 3338 640 3402 τά
653 3346 763 3426 πρῶτα
776 3345 838 3403 τῶν
851 3334 1079 3425 τότεἙλλήνιυν
1095 3343 1190 3419 ὄντες.

92 3423 212 3501 ΗεΙὶοδ.
227 3423 381 3487 libVlll.
398 3446 429 3509 p.
440 3424 513 3488 405.
527 3422 567 3487 τά
579 3431 690 3509 πρῶνα
703 3430 760 3489 σοι’
772 3421 943 3508 σατράπου.
977 3426 1066 3489 conf.
1076 3428 1191 3516 Eurip.

89 3506 118 3570 in
131 3509 224 3573 Med.
242 3528 289 3573 vs.
302 3511 374 3571 917.
426 3507 633 3573 Dixerintne
654 3520 689 3573 et
709 3512 745 3575 τδ
766 3517 891 3594 πρῶτον
905 3510 1061 3575 dubitare
1079 3510 1191 3593 liceat,

87 3592 176 3678 quod
200 3597 238 3657 in
262 3591 554 3656 instaurem.
575 3616 608 3681 p.
623 3596 696 3659 518.
717 3595 860 3681 legimus
879 3587 919 3678 ἦν
938 3596 1041 3660 δὲκαὶ
1059 3594 1085 3660 τ’
1109 3596 1190 3663 itta

86 3687 206 3765 apciton
224 3679 387 3743 Φωκαίαν.
432 3675 528 3742 Cant.
546 3679 745 3744 emendabat
761 3686 903 3765 πρῶτος,
924 3676 1060 3744 firmans
1071 3692 1191 3767 postea

85 3769 311 3829 coniecturam
333 3784 377 3827 ex
396 3761 501 3849 Opor.
554 3763 627 3827 Nec
649 3774 761 3852 potest
783 3762 938 3850 vulgatae
985 3768 1189 3833 atrocinium

82 3847 263 3917 conciliare
278 3845 375 3912 locus
389 3847 505 3934 Eurip.
525 3850 560 3910 in
578 3848 740 3913 Androm.
753 3869 803 3915 vs.
821 3854 910 3914 1237.
928 3787 1079 3934 Ἀξμλλῆα
1096 3860 1190 3938 πρῶ-

82 3956 132 4003 τον
139 3932 308 4008 Ἑλλάδος,
325 3937 402 4016 quia
418 3949 513 3994 casus
531 3951 606 3997 esse
621 3945 736 4021 potest
748 3940 805 4000 τοῦ
819 3940 954 4016 πρῶτος,
982 3937 1069 3997 utin
1083 3936 1190 4007 Rhesi

84 4023 211 4085 Mili.
235 4014 364 4102 Θρῄκης
379 4012 528 4082 άνάσσιον
548 4026 672 4104 πρῶτος
689 4013 765 4103 ἦσθ’
787 4020 917 4167 ἀνδρῶν.
949 4017 1055 4083 nolim
1075 4034 1189 4091 tamen

83 4120 224 4188 prorsus
235 4104 470 4190 proscribere,
491 4108 649 4186 quoniam
665 4103 766 4170 simili
779 4125 836 4167 mo

83 4212 145 4338 νήιά,
168 4185 615 4338 ‘ifgbdwlui‘’1⁰{mi⁰³'
647 4192 709 4339 vill
724 4194 814 4339 integr
824 4188 1187 4345 uretteitlieimti‘ilw'

128 4295 187 4341 sce
302 4292 642 4339 serv.0..om.
709 4318 765 4339 ..
843 4295 1076 4340 .e.e.
1141 4300 1187 4347 es.

86 4355 183 4442 Quod
212 4370 344 4424 veteres
370 4357 509 4441 quidam
536 4297 755 4443 grammatici
779 4358 920 4425 tradunt
945 4297 1188 4450 noniunqmm

860 4125 881 4169 o
895 4106 1016 4167 usitata
1030 4105 1135 4175 πάντα
1144 4108 1189 4176 ei-
