2626 4792
78 264 81 270 .
159 200 239 298 eo
507 193 914 276 truncantur.

159 383 230 451 aet,
264 367 459 457 impuneid
479 332 649 447 laturum,
683 380 717 434 et
735 372 904 433 cornicum
924 368 1086 437 levissimi
1104 376 1270 435 momenti

159 455 223 521 alia
236 458 271 519 in
286 474 328 518 eo
342 453 666 540 reprehendentem,
695 456 755 517 ubi
776 458 993 519 meritissimo
1015 459 1087 520 eius
1106 457 1142 519 id
1160 455 1271 521 facere

119 547 387 690 wpssstffl'ssam
396 535 644 691 fflffomunam
656 539 858 602 traducendi
874 545 1087 604 occasionem
1102 542 1169 607 sibi
1184 538 1268 605 elabi

478 644 498 684 e
517 619 733 687 inferendum
745 624 924 707 videbatur
940 623 1037 688 aliam
1051 628 1194 689 subesse
1207 626 1269 689 de«
1293 636 1296 641 '

112 756 115 761 -
202 728 238 774 re
254 711 425 793 magisque
441 704 651 771 reconditum
669 710 855 788 rationem,
884 709 1110 791 quiiminus,
1136 727 1177 773 ut
1194 728 1268 774 cum
1292 704 1297 729 ¹

153 799 191 861 iu
208 805 279 858 tota
300 805 424 876 quante
443 803 567 875 quanta
584 795 685 855 etiam
704 791 840 876 linguae
860 798 955 880 copia
978 815 1045 856 non
1067 804 1264 882 suppeteret
1294 784 1307 809 ⁷

154 898 223 949 vox
233 879 346 964 aptior
360 879 487 960 rei-qua
500 877 542 940 de
555 880 623 963 agit
636 878 895 964 exprimendae.
912 876 965 944 vel
980 881 1123 943 invitum
1141 883 1265 943 identi-

154 966 232 1029 dem
250 966 405 1047 repe'tere
418 973 582 1037 coactum,
602 971 635 1024 et
649 965 684 1025 in
701 982 768 1046 quo
784 960 836 1029 vel
851 966 879 1027 si
893 965 1002 1026 altero
1020 975 1128 1040 tauto,
1143 979 1176 1028 et
1190 965 1264 1050 plue

148 1070 198 1125 ¹eu
211 1051 345 1134 saepius
361 1050 531 1131 posuisset
544 1068 586 1110 ne
596 1047 749 1111 Momum
768 1048 904 1133 quidem
920 1050 1032 1129 ipsum
1048 1054 1306 1123 inventurum.

155 1136 261 1201 inisse
283 1132 375 1216 quod
396 1129 556 1216 culparet.
603 1131 671 1196 Sed
688 1152 849 1215 quaenam
864 1132 922 1196 ilia
940 1136 1079 1219 proprie
1094 1145 1205 1206 esset,
1230 1136 1263 1197 id

155 1219 293 1305 quidem
311 1228 350 1279 ut
370 1218 451 1279 sciri
470 1221 697 1301 cognoscique
717 1218 903 1282 iucundum
919 1238 981 1282 nec
999 1231 1173 1303 praeterea
1187 1220 1271 1289 inu·¹

154 1303 217 1369 tile
240 1302 469 1387 praesagiebat
494 1304 643 1379 animus,
680 1307 728 1366 ita
755 1323 822 1365 non
846 1322 951 1385 aeque
974 1301 1073 1367 facile
1093 1303 1266 1387 indagetu3

80 1420 83 1425 >
157 1390 249 1473 quod
274 1387 365 1473 apud
393 1382 519 1450 nullius
541 1390 659 1450 aetatis
685 1380 823 1452 criticos
851 1387 1036 1471 quidquam
1064 1389 1266 1466 inveneram,

156 1494 227 1559 quo
245 1487 364 1536 nostra
384 1471 627 1559 qualiscunque
642 1472 809 1537 industria
828 1471 1044 1538 adiuvaretur
1057 1471 1100 1553 *).
1148 1471 1196 1536 Et
1214 1484 1265 1537 ta-

155 1580 234 1623 men
248 1576 302 1621 res
315 1555 493 1622 videbatur
509 1557 696 1636 eiusmodi,
723 1576 807 1641 quae
825 1577 894 1622 non
914 1569 1009 1621 extra
1024 1577 1190 1621 omnems
1217 1576 1266 1621 ern

155 1660 331 1710 successus
370 1643 455 1704 osita
471 1650 576 1722 esset3
606 1644 720 1726 itaque
739 1642 938 1705 tentandum
953 1645 1071 1718 statui,
1093 1661 1178 1705 num
1192 1580 1266 1707 ior·

151 1741 211 1805 te,
234 1729 262 1792 si
284 1730 330 1789 mi
358 1745 396 1789 us
416 1738 537 1788 nostro
557 1730 693 1789 conatui
708 1727 932 1812 responderet
947 1738 1104 1805 eventus,
1136 1745 1175 1789 ea
1200 1726 1267 1791 eal·

155 1825 226 1877 tem
247 1810 480 1889 adferremus,
496 1812 628 1892 quibus
651 1813 859 1876 acutioribus
879 1832 941 1897 per
955 1810 1267 1876 nostrasellucina·

155 1902 267 1963 tiones
279 1897 331 1960 via
345 1898 538 1959 muniretur
551 1915 571 1958 a
585 1900 779 1974 senticetis,
809 1916 871 1982 per
886 1913 971 1980 quae
986 1898 1082 1959 nobis
1097 1894 1155 1959 hin
1171 1900 1268 1961 ioce-

157 1981 305 2047 dendum
323 1981 408 2056 ruit,
437 1985 632 2064 purgatior,
660 1982 703 2046 ad
730 1998 847 2046 verum
872 1979 1099 2065 indagandum
1122 1982 1267 2066 expedi,-

154 2070 242 2148 tior3
280 2065 372 2149 quod
398 2067 429 2129 si
459 2078 634 2131 assecutus
664 2066 763 2130 fuero
785 2072 868 2145 satis
891 2067 975 2128 bene
998 2086 1130 2130 mecum
1154 2077 1267 2131 actum

156 2172 248 2228 esse,
277 2171 342 2214 nec
362 2148 461 2236 plane
483 2148 634 2214 laborem
646 2154 815 2217 incassum
828 2150 991 2217 cecidisse
1008 2154 1267 2235 interpretabor.

155 2239 226 2303 lam
248 2239 394 2321 primum
417 2237 569 2297 omnium
589 2239 753 2320 originem
776 2239 870 2302 verbi
897 2235 1122 2300 remotissime
1149 2247 1267 2323 repeto

156 2342 203 2386 ex
217 2322 284 2403 χείρ
310 2329 362 2382 tot
386 2340 455 2382 non
482 2315 693 2384 Graecarum
717 2321 821 2384 modo
847 2329 881 2384 et
900 2318 1115 2399 Latinarum,
1149 2323 1213 2386 sed
1235 2330 1269 2399 et

159 2402 416 2470 vernacularum
436 2423 557 2466 vocum
572 2424 692 2488 proma
712 2406 837 2480 conda,
866 2414 904 2467 ut
921 2408 948 2469 si
964 2425 1081 2468 omnes
1097 2415 1129 2469 et
1149 2409 1268 2492 singu-

115 2489 209 2557 49las
239 2509 315 2552 cum
346 2485 524 2574 cuiusssque
551 2487 756 2574 significatus
787 2494 920 2553 ratione
950 2492 1108 2574 persequi
1135 2488 1270 2568 vellem,

89 2936 94 2945 ι

157 2574 293 2661 longius
321 2592 420 2657 quam
448 2572 516 2636 fert
545 2577 740 2639 institutiim
762 2575 1013 2640 excurreudum
1037 2584 1135 2640 esset.
1186 2575 1268 2641 lnce

157 2660 286 2746 quippe
300 2658 502 2723 deducerem
512 2666 613 2743 χρᾶν,
637 2665 798 2745 χρῆσθαι,
820 2660 926 2744 χρέος,
945 2657 1028 2744 χρή,
1047 2657 1186 2745 χρῄζειν;
1213 2665 1269 2724 in·
1300 2666 1309 2673 '

157 2746 272 2809 (tidem
284 2739 386 2828 χρώς,
410 2739 501 2826 χρόαι
515 2756 577 2808 etc.
594 2743 691 2833 plura
705 2743 768 2808 alia
783 2767 869 2830 quae
886 2746 1107 2810 commodiori
1120 2746 1198 2810 loco
1213 2766 1268 2811 re·

157 2832 321 2895 servanda
336 2848 602 2894 commemorare
616 2828 702 2893 nihil
715 2834 845 2895 attinet.
894 2829 1040 2915 Propius
1055 2831 1122 2895 huc
1134 2840 1269 2916 spectat

153 2920 240 3000 χρῶ,
260 2917 356 2978 cuius
372 2916 532 3000 primaria
553 2924 586 2979 et
601 2919 730 2994 nativa,
765 2927 798 2980 et
812 2912 903 2979 unde
914 2914 1081 2997 reliquae,
1109 2934 1193 2998 quas
1206 2935 1266 2980 ex·
1282 2956 1287 2967 ·

157 3001 311 3084 sequitur
324 2997 564 3088 Etymologus,
586 2998 788 3079 defluxere,
820 2988 916 3064 notio
929 3010 980 3064 est
999 3005 1187 3064 admovendi
1208 3019 1269 3065 seu

157 3089 350 3170 adplicandi.
392 3083 480 3146 Hinc
489 3080 635 3169 χραύειν,
653 3089 808 3170 χραίνειν,
828 3085 957 3169 χρῴζειν
975 3091 1008 3149 et
1019 3085 1124 3165 χριίιν,
1145 3102 1189 3149 ex
1203 3084 1269 3149 hoo

51 3213 54 3219 ·
149 3189 220 3256 per
235 3167 409 3231 literarum
424 3170 633 3251 quarundam
655 3175 885 3235 accessionem
908 3172 1201 3234 consuetissimam
1215 3172 1267 3233 di·

93 3955 147 4011 640

157 3261 284 3319 stracta
299 3254 422 3336 χρίπτω
440 3266 473 3315 et
491 3256 647 3338 χρίμπτω.
698 3254 793 3338 Quae
801 3259 922 3317 omnia
939 3253 1040 3320 ueluti
1053 3255 1196 3319 totidem
1209 3275 1271 3340 ge·

156 3343 281 3403 nuinae
302 3336 394 3402 illius
416 3334 504 3403 filiae
520 3352 706 3404 maternam
727 3339 949 3405 hereditatem
961 3340 1009 3402 ita
1026 3341 1166 3415 intense
1181 3341 1271 3406 divis·

157 3444 228 3490 sam
242 3422 437 3510 possident,
464 3434 503 3488 ut
519 3430 565 3514 τῷ
576 3421 704 3511 χραίνειν
717 3430 860 3491 cesserit
873 3423 929 3489 iila
944 3444 1063 3488 mnnus
1075 3422 1269 3512 adplicatiq

156 3574 385 3594 Μ

187 3675 231 3756 ν).
250 3670 396 3756 Seroridi
416 3671 477 3727 iam
500 3670 624 3755 ¹Suionas.
641 3671 679 3726 nd
696 3671 785 3728 Solin'.
808 3689 837 3742 p.
854 3666 915 3725 tio.
929 3670 998 3792 hlp.
1016 3669 1094 3754 idern
1112 3667 1270 3793 diripuimus

168 3780 171 3785 ’
223 3742 1270 3889 zittert:etimithi-‘i§trieteris“rithmi

225 3885 317 3951 ,‚tudu
338 3884 461 3937 murima
472 3883 612 3949 delector,
629 3887 755 3951 spissum
770 3883 973 3963 τιάριῑὶιινινιι,Ι
991 3881 1102 3949 linique
1115 3881 1188 3964 iam,
1210 3898 1268 3944 non

224 3954 340 4018 „solum
357 3950 508 4019 perfundit
529 3955 685 4018 unguentis
705 3954 842 4019 gaudent.
886 3949 1014 4003 Omnino
1032 3948 1268 4021 rescribenndum

224 4023 365 4088 „trypsin
379 4020 560 4087 capeitanus
573 4021 595 4073 i.
610 4037 636 4072 e.
655 4017 776 4090 στύψιν,
802 4034 876 4091 qnae
891 4019 1112 4074 crassitudinem
1128 4021 1268 4090 unguenti

224 4089 410 4157 „significet,
431 4090 543 4159 linique
556 4091 633 4157 iam,
651 4109 710 4143 non
721 4092 815 4143 solum
828 4088 982 4158 perfundi,
997 4094 1145 4163 χρίεσθαι,
1166 4092 1200 4145 nri
1212 4082 1268 4163 pd-

225 4175 300 4227 ,,νον
323 4157 501 4233 distinendae.
549 4158 627 4213 Hinc
658 4159 824 4248 differentia
846 4157 1018 4227 explicanda
1044 4169 1266 4228 unguentorum,

171 4304 182 4315 ·-
223 4232 505 4367 :ritimtf‘tttt’
520 4234 567 4351 „i
585 4228 1265 4370 titi..tiit“t¹tstiit¹¹”trithiiii

223 4372 369 4442 ,anteum
389 4367 500 4440 iiquida
513 4369 692 4440 podendum
710 4366 886 4443 interponor
919 4369 1022 4436 [ΑΒΗ.
1035 4386 1065 4442 p.
1083 4369 1145 4429 tto.
1159 4369 1217 4442 tt]
