2618 4792
365 182 521 282 ’.ευ
582 209 905 288 pausas.
1076 162 1215 292 ιιι

101 375 364 444 Homerotritis
379 377 455 464 ἔγχει
471 381 609 466 ἐφέπειν,
632 393 666 446 et
676 384 792 459 ἵππους
803 379 941 470 μώστφι,
962 382 1015 451 vel
1029 390 1113 454 citra
1125 409 1216 475 quo-

100 480 169 553 que
182 465 283 565 istius
297 463 391 528 modi
412 466 561 543 dativus,
582 479 622 529 ut
636 469 671 529 in
688 465 725 530 ll.
745 472 784 533 Φ.
802 487 849 534 vs.
870 472 941 535 188.
997 536 999 541 .

127 650 130 657 Ι
249 577 370 656 Ἕκτορα
389 574 418 636 δ’
441 581 577 657 ἀσπερχὲς
594 587 700 641 κονέων
716 582 796 656 ἔφεπ’
818 572 1064 658 ώκέιςίέχιέέεύς.Ι
1104 668 1107 675 Ι

101 702 252 786 itemque
268 709 402 766 immitto
418 703 592 788 κατεπείγοι.
636 704 732 767 Idem
745 700 784 767 ll.
800 705 843 768 Π.
858 723 906 768 ve.
920 705 993 770 724.

256 849 326 862 --
344 815 499 889 Πατρόκλῳ
517 820 605 890 έφεπε
622 816 832 892 κρατερώνυχας
848 821 960 883 ἵππους.

102 932 229 1024 “Quod
246 945 281 998 et
304 932 477 1000 ἐπιδιώκειν
496 936 564 1000 dici
607 948 718 1017 osset,
747 946 787 1000 ut
805 933 925 1002 διώκειν
946 938 1070 1014 ἵππους.
1114 937 1272 1013 Il.0.214

103 1037 150 1091 vs.
165 1021 240 1084 681.
263 1017 351 1083 conf.
372 1040 475 1107 supra
496 1021 537 1084 ad
558 959 693 1086 TPnebas
713 1041 760 1089 vs.
782 1026 835 1086 90.
891 1021 1095 1087 Parimodo
1116 1023 1214 1091 Pind.
1235 1088 1237 1092 .

81 1096 204 1193 't‚Pyth.
222 1101 287 1167 Od.
304 1102 364 1168 vl.
384 1121 431 1170 vs,
448 1111 498 1170 33.
520 1104 611 1190 ἐφεπε
631 1105 783 1191 καρτερὸν
803 1105 908 1191 ἐγχος,
937 1128 1060 1194 nempe
1079 1114 1124 1196 τῷ
1145 1110 1213 1175 Νέ-

81 1210 83 1218 ·
103 1212 212 1274 tropa,
237 1188 366 1272 quode
385 1199 438 1254 est
458 1210 581 1256 sermo.
629 1193 740 1272 Atque
755 1191 872 1255 eadem
890 1212 979 1255 nunc
995 1212 1096 1278 opera
1113 1193 1214 1258 simul

102 1292 204 1348 tera,
225 1276 368 1356 patescit
388 1277 496 1339 virtus
516 1273 725 1357 reliquorum
751 1280 1038 1363 compositorum,
1065 1276 1215 1362 ἀμφέπειν

124 1369 197 1438 uta,
220 1357 341 1432 διέπειν,
368 1361 514 1440 μεθέπειν
528 1371 562 1423 et
575 1361 734 1446 περιέπειν.
766 1381 829 1425 nec
843 1381 912 1426 non
926 1360 1097 1445 quomodo
1111 1361 1214 1427 intel·

82 1378 162 1529 figi
197 1441 341 1506 debeant
368 1444 530 1530 Hesychii
557 1442 705 1532 glossae:
747 1445 899 1526 ἐπισπεῖν,
939 1448 1241 1512 ἐπακολουθοῦντα

96 1524 181 1612 ἔχειν
211 1524 348 1610 quaele
372 1531 444 1591 itur
470 1543 550 1617 post
584 1553 613 1595 v.
642 1527 913 1614 ἐπεισκρινόμενον.
971 1534 1052 1595 item
1077 1532 1212 1612 ἕπουσιν,

90 1615 289 1696 ἐνεργοῦσιν.
338 1550 433 1676 func
446 1617 482 1677 in
504 1616 628 1699 quibus
649 1617 774 1681 εἵποντο
792 1628 825 1679 et
848 1617 972 1680 ἕπουσιν
984 1613 1131 1681 illustrat
1152 1637 1215 1703 per
1306 1641 1308 1645 ⁴

93 1697 360 1776 ἀκολουθοῦντα,
395 1696 634 1764 ἀκολουθοῦσιν.
672 1712 707 1764 et
737 1702 887 1781 ousiarum
893 1749 903 1780 ,
937 1699 1212 1787 ἄκολουθήσοιμεν.

93 1782 240 1868 Nempe
252 1786 426 1846 invenerat
437 1782 561 1871 alicubi
575 1783 650 1847 loca
664 1787 698 1846 in
715 1787 837 1866 quibus
851 1805 917 1849 vox
932 1790 1038 1850 activa
1051 1807 1212 1851 occurre-

90 1866 180 1947 bat,
214 1886 278 1952 pro
301 1868 429 1942 media,
455 1869 545 1952 quod
567 1867 649 1931 licet
668 1888 852 1953 agnoscere
871 1881 942 1933 uon
956 1871 1110 1935 videatur
1125 1871 1214 1960 Ery·
1270 1878 1272 1881 ’

91 1951 204 2028 moi,
218 1964 332 2014 tamen
354 1952 383 2016 si
396 1973 481 2035 quae
498 1952 754 2038 disputavimus,
776 1964 813 2015 ut
830 1956 929 2017 nobis
943 1954 1110 2033 videntur,
1135 1974 1227 2021 vera·

81 2058 181 2105 -osse
206 2035 451 2114 concedantur,
482 2034 705 2100 dubitandum
723 2059 790 2100 non
812 2042 877 2100 erit
884 2084 895 2115 ,
925 2042 1007 2122 quin
1024 2038 1214 2121 exliuguae

94 2125 207 2211 genio
227 2121 307 2184 ἐπειν
326 2140 390 2205 pro
410 2121 541 2185 ἕπεσθαι
562 2125 719 2206 usurpari
769 2125 863 2186 ossii.
914 2124 1032 2202 ¹Fuisse
1054 2126 1215 2187 usitatum

91 2207 251 2297 probare
268 2205 425 2271 videntur
447 2206 531 2270 haec
548 2206 685 2271 Pindari
704 2143 841 2314 Olfpmp.
857 2205 922 2271 Od.
937 2207 976 2269 ΙΙ.
1000 2227 1046 2274 vs.
1065 2211 1114 2273 18.
1131 2207 1222 2293 [tu]

81 2290 183 2359 ἀἰών
196 2288 286 2375 ἐφεπε
298 2285 452 2375 μόρσιμος
466 2288 601 2356 πλοῦτόν
613 2314 645 2356 τε
660 2294 710 2354 καὶ
720 2316 813 2377 χαριν
828 2290 921 2376 ἄγων.
945 2302 979 2354 et
992 2291 1089 2378 Pyth.
1107 2292 1174 2358 Od.
1189 2291 1220 2355 l:

96 2397 153 2445 vs.
167 2378 218 2440 97.
236 2374 318 2460 [50]
337 2377 396 2439 τὰν
421 2375 623 2455 Φιλοκτήταο
647 2377 735 2456 δίκην
756 2376 878 2460 ἐφέπων
891 2374 1094 2460 ἐστρατεύθη.
1129 2394 1215 2461 quae

97 2458 189 2527 licet
205 2463 352 2543 argutari
365 2464 393 2524 si
408 2460 507 2526 velim
522 2459 622 2524 aliter
634 2459 735 2546 paulo
750 2480 888 2547 possem
902 2482 1085 2546 exponere,
1101 2470 1215 2526 tamen

99 2548 234 2629 reipsa
252 2544 370 2609 eodem
386 2548 517 2609 recidet
534 2565 663 2609 sensus.
706 2545 850 2609 Pindaro
866 2547 1033 2630 subiungo
1046 2546 1162 2633 Eurip.
1178 2548 1215 2610 in
1244 2616 1246 2626 ¹

96 2628 235 2711 ‚Phoen
250 2649 297 2694 νε.
315 2629 383 2693 151.
404 2629 536 2715 ἀμφέπει
556 2656 602 2697 νιν
623 2626 844 2717 ἐν’χλοςῦστέρρι
857 2631 933 2695 ποδί
952 2633 973 2692 i.
991 2652 1018 2694 e.
1035 2636 1217 2697 comitatur.

100 2712 263 2798 Denique
276 2735 413 2778 omnem
428 2736 520 2778 nunc
535 2726 631 2787 extra
644 2714 786 2779 mendae
808 2718 1035 2800 suspicionem
1050 2716 1216 2779 constitu-

99 2810 176 2867 um
195 2810 280 2885 puto
297 2799 419 2862 Suidae
456 2797 759 2885 Ιοεεεαιι-ἐπέσπῃ,
780 2799 906 2882 ἕψηται.
942 2799 1214 2866 cuius‘vindicias

100 2882 250 2951 antehac
268 2883 309 2946 ad
327 2821 535 2968 Hesycffiium
551 2904 685 2967 quoque
700 2887 920 2968 suscepimus.
959 2881 1144 2970 Voilculam
1155 2882 1270 2966 μάρπτε

100 2987 153 3039 vs.
169 2962 244 3033 550.
265 2988 343 3031 cum
357 2970 430 3034 viro
444 2968 545 3032 docto
560 2968 649 3032 haud
665 2970 773 3031 ausim
786 2968 1017 3052 proscribere:
1040 2987 1118 3031 nam
1131 2979 1215 3050 quot

100 3058 178 3119 nbn
194 3050 310 3117 forent
324 3055 452 3140 passim
466 3050 608 3117 delenda
629 3064 729 3136 atque
745 3051 915 3127 addenda,
942 3055 973 3115 si
988 3054 1113 3136 ubique
1125 3065 1216 3118 stro-

99 3136 253 3229 pharum
263 3149 409 3202 metrum
423 3136 677 3202 accommodare
692 3134 796 3201 velles
812 3135 1052 3223 antistrophiS‚
1080 3150 1114 3201 et
1128 3156 1216 3200 con-

99 3234 176 3289 tra:
199 3223 258 3285 ubi
271 3225 535 3307 transpositione
550 3225 650 3285 unius
663 3217 842 3288 alteriusve
855 3219 1020 3300 vocabuli,
1041 3221 1145 3286 aliave
1161 3219 1215 3287 le-

100 3310 203 3377 viore
214 3309 400 3371 mutatione
414 3308 446 3370 ei
459 3309 511 3370 rei
524 3305 689 3371 medelam
706 3304 866 3370 adhibere
878 3303 978 3382 licet,
999 3327 1064 3370 nec
1075 3325 1140 3371 nos
1155 3326 1215 3371 re-

100 3389 220 3459 media
236 3391 401 3457 eiusmodi
416 3394 585 3478 sprevisse
602 3393 727 3477 passim
742 3391 919 3455 constabit.
953 3389 1088 3454 Etenim
1104 3390 1215 3456 solent

152 3474 292 3540 rticulac
308 3475 366 3557 μέν
386 3472 444 3560 γάρ
466 3477 539 3540 iere
558 3494 633 3541 sese
648 3477 812 3539 comitari.
864 3473 970 3538 Thuc.
985 3472 1044 3539 lib.
1058 3474 1101 3539 V.
1117 3496 1145 3539 c.
1162 3475 1214 3540 59.

100 3494 213 3641 ἐεέμέν
230 3560 292 3648 γὰρ
312 3563 368 3626 tois
384 3562 491 3625 πεδέου
506 3561 535 3626 οἱ
547 3555 792 3642 Λακεδαιμόνιοι
805 3554 906 3644 εἶργον
925 3594 1011 3610 -—-
1031 3558 1215 3645 καθυπέρθε

91 3644 251 3739 stiffi,
273 3658 306 3710 et
318 3643 377 3709 lib.
396 3644 467 3711 Vll.
482 3666 510 3709 c.
525 3645 574 3709 55.
588 3643 717 3730 πότερον
729 3646 787 3727 μέν
799 3642 1043 3793 γὰφέφοβοώτο
1057 3643 1215 3720 τοὶς-ψ,

86 3728 169 3819 ,itti
189 3732 330 3793 miratur
358 3729 397 3792 H.
418 3729 534 3817 steph.
556 3729 659 3793 Thes.
683 3729 722 3792 1..
749 3727 811 3794 Gr.
873 3749 936 3792 om.
951 3728 994 3792 ll.
1018 3750 1049 3813 p·
1075 3731 1164 3791 1617.
1185 3747 1214 3793 c.

81 3810 226 3913 ffiohoL
242 3816 328 3877 tanti
335 3817 467 3894 visum,
489 3827 527 3878 ut
539 3825 711 3889 moneret,
731 3814 788 3894 μέν
801 3813 989 3893 abundare;
1009 3814 1075 3911 qui·
1082 3812 1215 3879 videtur
1229 3896 1231 3911 Ι

86 3902 265 3979 monsari
280 3918 398 3985 posse,
427 3900 516 3982 quod
534 3901 637 3963 sciret
651 3899 709 3959 ubi
723 3900 760 3963 δέ
773 3909 987 3981 sequeretur,
1019 3915 1102 3977 qum
1121 3917 1216 3961 non-

81 4070 83 4103 ÷
105 4000 281 4066 nunquam
297 3986 371 4083 sine
387 3983 424 4048 δέ
441 3982 690 4062 (subaudiendo
704 3989 832 4061 tamen)
852 4001 921 4045 non
935 3984 1099 4090 otiosum,
1128 3991 1167 4129 φτ
1179 3984 1215 4043 in

107 4064 892 4238 tetstaturrritrtssttrttts]
908 4066 1107 4150 W
1121 4089 1218 4149 ‘'⁹⁶‘’

195 4266 254 4330 Vs.
269 4266 340 4331 678.
381 4263 520 4351 Οώρώνια
538 4266 610 4350 ἄχη.
662 4267 865 4356 Hesychius:
902 4264 1046 4351 οὐράνιον
1065 4267 1141 4351 ἄχος
1162 4269 1218 4334 τὸν

81 4358 87 4371 “
111 4348 281 4441 κονιορτὸν,
303 4352 398 4434 δηλοῖ
410 4351 444 4414 at
457 4352 509 4417 καὶ
527 4352 564 4418 τὸ
579 4351 668 4436 μέγα,
688 4357 737 4416 καὶ
756 4352 792 4417 τὸ
808 4347 944 4499 §pulpiti
988 4354 1099 4418 Priori
1117 4370 1218 4418 sensu
