2626 4792
342 212 411 287 An
437 212 643 289 συνναυ-
661 215 704 292 c,
731 201 938 293 THEBAS.
1145 200 1196 309 ἰσ

96 406 133 453 ts.
147 390 199 452 st.
222 386 291 471 ἔμολ
313 386 350 452 τδ
374 386 546 454 ἀποθανεῖν
564 386 693 472 κάρδος,
726 388 783 453 nbi
798 389 863 454 vid.
880 384 1006 479 philol..
1028 390 1138 457 'Mox
1158 405 1198 458 ut

96 490 133 539 tr.
147 474 224 538 696.
241 473 299 537 ἴτω
313 473 380 539 κατ’
396 467 506 557 οὖρον,
531 475 586 539 sio
599 471 690 537 infra
702 492 751 541 vs
766 477 840 541 860.
855 475 920 541 κατ’
937 468 1032 559 οὖρον
1043 479 1197 562 ledentes:

94 558 122 623 iu
138 556 235 625 Pers
250 558 323 623 481.
345 558 412 623 κατ’
435 550 529 643 οὖσαν
546 557 706 638 αἱοοῖνται
728 557 838 642 φυγήν.
888 560 993 647 Soph.
1009 561 1130 627 'l'raoiu
1150 576 1196 635 usi

90 640 286 723 {mynden
303 643 361 725 μὲν
379 643 461 730 ῥεΐτο
480 642 548 706 κατ’
568 636 670 726 οὖσαν.
727 644 822 707 Pind.
847 642 946 733 Pyth.
960 645 1027 709 Od.
1043 646 1101 711 lv.
1120 669 1151 715 v.
1163 649 1196 713 6.

87 730 130 793 ,6.
146 724 257 813 Bkh.]
289 727 384 814 αὔξῃς
406 720 499 809 οάρον
514 724 629 809 ὕμνων.
667 738 700 792 et
722 726 859 813 Olymp.
883 728 950 795 Od.
969 730 1057 795 Xlll.
1078 736 1197 799 vsdss.

75 854 79 863 ·
103 812 166 897 28]
187 809 397 899 Ξενοφῶντος
416 812 526 877 εὔθυνε
551 814 700 893 δαίμονος
712 805 806 898 οὖρον
819 817 862 895 *).
1125 820 1129 839 ¹

167 908 249 999 ”Vs
264 916 338 979 708.
372 913 412 976 ln
433 910 548 978 Schol.
568 912 607 976 B.
622 911 681 977 lin.
694 916 724 979 8.
749 912 963 978 scribendum
985 915 1121 981 videtur
1137 919 1197 1001 τὴν
1208 921 1256 977 184

87 1002 141 1061 τοῦ
153 994 281 1082 πατρὸς
291 996 374 1078 ἀράν
388 996 549 1063 ἀπελάσαι.
563 994 634 1061 'lin
646 998 676 1062 4.
690 996 936 1083 παρωράθημεν.
958 997 1014 1064 lin.
1031 1004 1079 1065 16.
1093 1002 1198 1068 άπιιλῧ
1287 1032 1292 1039 ·

86 1080 214 1165 iduor.
244 1086 295 1147 sic
306 1080 495 1164 διαλλάκτης
507 1080 597 1146 infra
609 1082 652 1145 ad
666 1103 713 1148 vs.
725 1086 797 1147 889.
813 1087 848 1146 in
864 1085 1142 1157 nerbiseiusdern
1152 1090 1198 1154 ed
1276 1140 1279 1145 .

86 1186 130 1233 rs.
144 1170 222 1231 710.
269 1166 522 1232 Vereoralabe
535 1165 680 1231 liberum
693 1178 732 1234 ut
752 1172 797 1233 sit
813 1174 1048 1253 παραπετῶμεν.
1230 1204 1235 1219 .

168 1268 232 1331 VS.
246 1270 318 1333 718.
362 1268 570 1356 Θαλιρωτίρῳ
589 1264 748 1348 πνεύματι.
797 1266 912 1335 Schol.
939 1274 1117 1357 exponunt
1134 1301 1214 1357 μα-,
1249 1300 1255 1337 :

83 1350 283 1437 λακῶτερον,
304 1351 540 1430 ἀναπεπτωκάς,
561 1352 806 1438 ἀσθενέστερον,
829 1376 937 1439 neque
952 1354 1052 1419 aliter
1064 1358 1199 1425 videtur

82 1434 142 1509 hio
154 1438 409 1527 accipiendum
432 1451 466 1501 at
480 1438 569 1502 unde
580 1440 679 1501 istam
694 1451 887 1523 repetemus
896 1440 1200 1525 significationem?

83 1520 218 1589 ludens
236 1523 327 1607 quod
346 1520 482 1604 θαλερόν
507 1519 615 1587 valeat
647 1518 836 1609 πρόσφατον
854 1526 1014 1610 adeoque¹
1027 1527 1070 1590 de
1095 1530 1201 1597 vento'
1259 1592 1262 1597 ,

85 1604 279 1673 adhibitum
297 1613 376 1687 lene,
407 1610 483 1693 quia
498 1619 677 1672 ventorum
697 1610 969 1691 agitatio're'cens
989 1614 1101 1679 minus
1123 1635 1199 1693 esse

85 1690 198 1757 soleat
213 1694 413 1773 vehemens,
432 1700 532 1777 quain
548 1693 682 1777 quando
696 1693 889 1777 aliquandiu
898 1692 1140 1781 spiraverunt?
1160 1700 1200 1777 In

86 1775 203 1843 schol.
216 1776 255 1841 Β.
273 1774 320 1844 νε.
334 1782 405 1843 716.
424 1777 502 1844 vide
521 1796 603 1841 nurn
622 1782 789 1865 scripturn
808 1781 905 1846 malis
923 1783 974 1844 καὶ
991 1778 1144 1869 ἔξάνηψει
1162 1799 1200 1849 ut

86 1874 223 1951 tempus
236 1866 288 1927 ‘sit
305 1865 399 1931 verbi
412 1858 585 1939 ἐξανάπτω.
759 1870 762 1877 “
1107 1878 1110 1885 ·

171 1962 234 2028 Vs.
250 1964 320 2029 715.
336 1962 481 2042 Ἐξίζεσεν
494 1961 554 2049 γάρ
571 1962 704 2027 Οἰδίπου
716 1954 808 2025 κατεά
826 1987 922 2041 ματα.
956 1962 1108 2031 Turnebi
1124 1966 1201 2045 edi,-

87 2050 136 2111 tio
154 2046 267 2115 nihilo
282 2048 439 2119 ¹deterius
458 2048 610 2126 ἐξὲζισανε
641 2046 730 2111 infra
750 2048 785 2109 in
808 1987 899 2113 iere.
921 2068 967 2113 vs.
982 2052 1056 2115 679.
1085 2053 1201 2133 δίδυμα

87 2132 220 2219 διάγοιεν
240 2130 394 2220 ἁμάρτια,
423 2144 457 2196 et
482 2137 518 2197 in
533 2128 653 2219 Suppl.
676 2133 812 2198 vs129.
834 2134 943 2216 ἐναγέα
964 2134 1053 2201 τέλεα
1071 2132 1200 2223 seseq...
1305 2198 1308 2203 ,

87 2222 176 2301 μῶσα
222 2218 360 2285 Homer.
377 2218 412 2283 ll.
428 2222 465 2285 B.
480 2236 529 2284 νε.
540 2218 608 2281 135.
625 2214 750 2303 σπάρτα
767 2217 916 2282 λέλυνται.
957 2219 1096 2287 Hesiod.
1112 2221 1200 2308 Ἕργ.

89 2328 118 2369 ι.
129 2300 160 2387 ἦ.
177 2322 226 2371 vs.
243 2306 318 2369 808.
334 2303 375 2370 τά
390 2303 509 2384 ἄρμενα
523 2302 677 2367 πέλονται.
727 2299 806 2451 quo
821 2302 934 2368 refero
955 2305 1041 2369 illud
1056 2306 1200 2375 Romani

90 2391 255 2459 sermonis
277 2388 346 2469 noir
370 2389 604 2457 callentissini
627 2387 742 2451 Trime
760 2389 892 2453 chionis
914 2391 1004 2476 apud
1022 2389 1200 2457 Arbitrum

92 2476 184 2539 271.
202 2474 369 2555 saciatur,
406 2484 436 2539 si
458 2478 516 2555 riht·
535 2478 676 2547 αἰδοίαν,
703 2484 733 2535 et
754 2476 902 2537 triclinio.
956 2475 1199 2547 Recentio'rum

90 2560 303 2638 testlmoniiS,
350 2578 410 2624 nae
424 2570 583 2625 sexcenta
595 2555 730 2621 adferre
743 2576 892 2643 possem,
913 2556 1003 2625 haud
1018 2574 1110 2626 utar:
1132 2560 1200 2627 vid.

92 2642 129 2709 λλ.
142 2642 262 2733 Steph.
281 2644 325 2707 ad
371 2644 446 2709 hue.
459 2643 518 2709 lib.
536 2643 560 2707 l.
576 2663 603 2705 c.
618 2645 669 2709 22.
692 2651 726 2705 et
750 2643 886 2709 doctiss.
903 2644 989 2711 lens.
1004 2644 1101 2729 Lect.
1114 2644 1199 2713 Luc.

90 2731 205 2877 5856.
220 2739 256 2793 et
268 2732 303 2792 in
319 2731 418 2815 epist.
433 2728 475 2799 ad
486 2726 607 2793 Graev.
619 2726 691 2791 414.
712 2726 803 2790 unde
817 2740 971 2813 apertum
994 2733 1102 2801 virum
1118 2750 1200 2803 eru-3
1219 2791 1221 2797 ,

111 2827 198 2881 itum
228 2835 295 2877 non
317 2815 597 2879 recteAtticismi
624 2810 749 2897 regulis
773 2810 789 2899 Η
816 2810 985 2881 adversari
1012 2813 1197 2899 eredidisse
1207 2832 1258 2889 135

90 2900 186 2969 utam
202 2902 362 2993 syntaxin
379 2898 421 2969 ad
435 2902 547 2965 nostri
563 2896 653 2965 Pers.
669 2915 716 2961 vs.
737 2902 805 2960 135.
1072 2898 1079 2909 '

169 3000 232 3064 VS.
249 3000 331 3063 716.
345 2996 514 3064 Ἔνυνινι’ων
531 2990 773 3082 φαντασμάτων.
822 2994 1199 3083 νε11εςεέιόππιι1υ.

91 3082 153 3150 nor'
173 3081 336 3160 ἐνύπνιον,
362 3097 405 3148 ut.
419 3088 456 3146 in
479 3084 576 3147 Hom.
594 3078 631 3142 ll.
651 3079 688 3143 Β.
708 3100 754 3144 νε.
768 3079 819 3143 56.
841 3117 927 3131 ——-
947 3081 1035 3161 θεῖός
1054 3111 1108 3167 μοι
1127 3082 1199 3150 dvri-
1307 3142 1312 3147 .

89 3194 174 3237 πιιον
192 3164 292 3252 ἢλθεν
314 3170 449 3252 ὄνειρος,
484 3166 538 3235 vel
556 3186 651 3232 sume
672 3166 781 3228 instar
801 3166 974 3243 adiectivi:
1009 3172 1074 3237 vid.
1094 3191 1197 3256 supra

88 3276 132 3321 τε.
147 3259 224 3319 231.
282 3256 411 3318 Deinde
431 3254 591 3318 observes
613 3248 728 3314 Schol.
752 3251 789 3313 B.
811 3254 947 3317 inverso
968 3257 1089 3319 ordine
1109 3258 1198 3319 seri-

88 3352 181 3429 ptum
194 3343 365 3404 invenisse
379 3336 552 3425 φασμάτων
570 3334 728 3400 ἐνυπνίων.
781 3332 964 3416 Quomodo
978 3344 1007 3403 si
1028 3342 1122 3405 dedit
1136 3359 1200 3402 uu·
1252 3362 1255 3367 ·

88 3436 163 3491 otor
174 3424 311 3489 loeutus
326 3437 377 3488 est
390 3420 637 3505 ThomaeMag.
650 3431 853 3507 praecepto,
874 3426 933 3505 qui
947 3425 1117 3489 abiudicat
1131 3426 1198 3491 At-

87 3514 164 3575 tieis
187 3534 219 3578 v.
240 3505 468 3593 φαντάσματα,
497 3506 588 3589 quod
606 3518 716 3569 lamen
733 3507 857 3569 iterum
876 3513 1024 3571 occurrit
1038 3514 1073 3574 in
1089 3514 1199 3573 nostri

85 3592 285 3683 {tegmentis
306 3615 339 3680 p.
353 3596 426 3658 647.
440 3614 467 3656 ιι.
492 3592 549 3678 [fr.
569 3594 635 3655 inc.
655 3593 727 3654 293.
748 3589 842 3675 Scin]
902 3593 1042 3669 Aristid.
1065 3596 1161 3658 'l'onn
1174 3586 1198 3655 λ.

86 3684 201 3767 11646
216 3679 339 3745 Achitl.
354 3680 469 3766 '1⁸et.p.
480 3684 550 3743 121.
566 3668 614 3762 [p.
628 3676 682 3754 46,
698 3678 751 3738 80.
772 3676 852 3761 lae]
891 3679 1041 3743 Lucian.
1059 3679 1157 3742 Torn.
1173 3675 1199 3741 l.

85 3788 116 3854 1²
130 3766 209 3830 776.
228 3778 263 3828 et
281 3767 321 3829 ll.
334 3764 602 3855 491.2[Necyom.
617 3780 646 3822 e.
660 3763 689 3823 7.
703 3757 768 3824 vol.
785 3762 828 3839 ll,
849 3784 881 3849 p.
896 3763 986 3853 466]
1009 3761 1098 3849 apud
1116 3760 1199 3825 Plat.

85 3872 117 3938 p.
132 3856 188 3917 71.
207 3870 236 3912 o.
249 3872 276 3914 e.
297 3860 331 3915 et
353 3848 378 3914 t.
402 3872 437 3935 p.
455 3851 505 3914 84.
529 3860 564 3913 et
582 3847 651 3910 124.
666 3844 821 3931 [Theaet.
833 3869 865 3937 p.
888 3851 960 3926 167,
978 3848 1025 3935 6.]
1047 3845 1199 3931 aliosque

86 3934 279 4025 complures
296 3936 440 4000 Atticos
648 3930 652 3937 ’
927 3982 930 3987 -
1193 3974 1197 3979 -

117 4170 149 4243 4)
175 4174 274 4239 Φοίβῳ
291 4172 432 4242 στυγηθὲν
450 4176 509 4228 πᾶν
528 4173 561 4231 τὸ
579 4173 674 4230 Λαΐου
697 4176 787 4246 γένος.
827 4174 919 4225 ·1nter
943 4172 1002 4224 elie
1027 4173 1202 4242 scriptorum
1225 4139 1258 4247 ι,

88 4268 93 4277 ·
152 4240 224 4293 locu
241 4245 331 4295 utitur
343 4245 420 4296 idem
435 4246 555 4299 Martio.
571 4245 623 4299 lib.
637 4246 678 4299 11.
692 4264 719 4298 e.
737 4249 763 4299 4.
784 4250 815 4297 ut
831 4243 934 4311 probet
951 4247 1048 4312 γένος,
1067 4246 1149 4304 ἔθνος
1170 4258 1201 4297 et

133 4314 321 4449 ,μιώγιγιά
336 4314 369 4368 in
387 4317 720 4389 melumuoununquem
737 4323 854 4386 portem
867 4316 1058 4369 toleretumi.
1089 4316 1200 4381 [dim.
1246 4334 1253 4341 ·

134 4398 188 4456 .Ρο
252 4420 260 4437 ο
561 4406 567 4415 .
