2626 4792
378 194 447 297 uu
473 191 892 271 nouunnvuuunu.
1122 196 1195 270 ιιι
1272 140 1277 151 ’

127 378 166 433 tu
177 364 331 435 ἔπλασαν
343 386 388 433 ex
405 364 630 456 praecedente
645 364 803 445 ἕλιλενσιν,
824 380 925 454 atque
939 371 1052 434 omnia
1065 371 1116 433 sio
1130 355 1212 433 οι(

122 474 169 519 πο
182 451 376 535 πολύανδροί
387 477 420 517 ae
434 451 450 541 ss
466 449 659 538 φεράσπιδεςΙ
666 455 790 535 κυναγοὶ
806 450 851 517 ἴπ.
866 455 931 519 κατ’
949 455 1033 537 ίχνος
1045 462 1109 520 τῶν
1121 454 1253 528 ret-833

85 535 209 605 Ιᾶντυν
230 540 288 624 τὴν
308 534 430 604 πλάταν
447 539 507 621 τὴν
526 536 667 621 ἄφαντον
685 536 849 621 γενομένην
867 540 915 605 ini
937 540 995 615 τὰς
1016 539 1080 616 de}-
1096 536 1195 615 διττὰς

85 630 142 689 τοῦ
155 628 231 707 Σιμ.
279 623 344 688 Per
365 623 424 706 τὴν
445 623 502 709 dp.
520 627 572 685 πλ.
586 620 748 708 intelligit
761 643 896 700 navem,
924 646 988 708 qua
1005 626 1099 690 Paris
1115 622 1195 689 cum

86 706 367 794 lieleoatufugit.
399 711 528 793 κυναγοί
552 717 632 772 sunt
659 711 822 792 primario
843 710 1020 774 Menelaus
1048 721 1082 775 ot
1102 706 1195 795 Ago·

87 814 266 871 neronom
292 793 613 860 deinde'universus
633 790 842 859 Graecorum
867 799 1047 858 exercitus.
1091 793 1194 859 Prec-

88 884 180 945 terea
200 882 251 943 uti
271 873 328 943 hic
340 881 445 945 νίλσαι
456 878 515 962 τὴν
528 877 649 943 πλάταν
662 879 716 942 ἐπί
726 913 828 958 -·-·-,
851 882 901 944 sic
918 880 954 945 τδ
968 876 1047 964 δόρυ
1059 880 1091 955 ἐς
1103 889 1196 965 γαῖαν

90 960 234 1053 Oppiae.
246 963 305 1028 tv.
326 959 422 1053 Cyue
446 1009 454 1026 .
469 966 596 1031 vetus.
609 961 654 1027 ἐπ’
667 961 765 1038 dread}
779 974 897 1028 noster
914 969 1036 1029 iterum
1050 968 1087 1028 in
1095 966 1194 1029 Eum.

90 1066 135 1115 rs.
149 1053 200 1117 to.
218 1059 255 1113 et
268 1052 393 1114 omissa
443 1058 575 1113 terutra
594 1051 848 1134 praepositione
862 1048 981 1137 Eurip.
995 1049 1104 1138 lphig.
1118 1044 1195 1116 Anii

91 1148 136 1201 tt.
154 1134 226 1200 167.
246 1132 384 1201 κέλσασα
397 1132 635 1220 στενόπορθμον
651 1134 805 1199 Χαλκίδα.
928 1218 932 1223 ¹

94 1358 98 1363 Ι
165 1266 228 1335 VS·
245 1266 318 1336 728·
358 1281 539 1359 Παμπρόσθη
557 1280 737 1357 πολύθρηνον
754 1286 831 1339 αλιδ·.
943 1298 946 1305 ’

364 1367 387 1423 ν’
412 1367 488 1441 ἀμφὶ
503 1371 622 1424 πολιτᾶν
884 1364 886 1370 ’

364 1457 477 1511 Μίλεον
494 1446 553 1527 αἷμ’
574 1454 729 1510 ἀνατλᾶσα.

89 1546 221 1619 [turns
239 1572 310 1619 non
330 1552 497 1619 movenda
509 1557 638 1620 moveri
657 1565 824 1641 patescet3
846 1552 1044 1643 παμπρόσθρ
1066 1565 1198 1621 tantum

87 1640 257 1705 rerioatur
269 1641 339 1702 iota
353 1637 442 1703 infra
455 1636 611 1726 adpioto,
643 1649 678 1703 et
698 1636 784 1702 nihil
797 1657 902 1725 aeque
920 1642 1114 1726 adpositum
1125 1661 1200 1713 rna·
1278 1646 1282 1654 '

86 1716 207 1809 &stine
235 1722 453 1808 ἐναργέστερον
480 1723 534 1792 uel
558 1720 684 1807 fingere
711 1721 845 1804 licebit,
873 1744 955 1833 prae
984 1746 1053 1809 quo
1080 1727 1199 1791 sordet

83 1808 269 1893 παμπίνθη,
293 1808 385 1894 quod
400 1809 575 1872 substituit
592 1812 643 1876 vir
657 1807 788 1873 doctus·
832 1812 910 1874 αιόιν
924 1809 1123 1897 παμπρόσδῃ
1135 1835 1199 1876 πο-

81 1891 249 1977 λδθρηνος
266 1906 317 1958 est
334 1896 380 1956 ita
395 1893 619 1977 undequaque
636 1892 812 1956 luctuosus
834 1905 868 1958 et
881 1895 921 1957 de
948 1893 1131 1973 loranduS,
1159 1905 1199 1959 ut

80 1978 217 2044 nullam
231 1978 387 2043 admittat
399 1975 522 2063 θρήνου
534 1982 773 2056 accessionem,
786 1982 881 2042 omui
894 1916 1126 2044 additamento
1141 1976 1199 2043 lu-

79 2068 250 2129 ctuosior.
299 2062 461 2155 Hesych.:
489 2059 634 2148 πρόσθη,
656 2058 843 2149 πρόσθησις.
887 2063 953 2131 Ubi
970 2076 1091 2129 conatu
1105 2066 1200 2151 pari·

77 2158 141 2215 ter
159 2148 288 2214 infelici
306 2149 489 2235 Sopingius
515 2151 656 2233 corrigit
678 2147 857 2233 προσθήκη.
895 2159 929 2212 et
952 2160 1063 2213 tamen
1082 2146 1199 2236 Steph.

77 2252 224 2321 quoque
239 2235 306 2299 fuit
322 2244 526 2320 suspectum.
555 2235 701 2317 πρόσθη,
724 2246 761 2297 ut
775 2233 874 2316 αὔξη,
896 2232 999 2316 ἄνθη,
1021 2233 1099 2317 odic]
1114 2230 1200 2307 aliass

79 2338 155 2403 que
169 2338 268 2404 quam
284 2318 447 2405 plurima,
469 2324 505 2382 in
521 2321 641 2402 quibus
656 2330 688 2382 et
702 2316 789 2402 πόθη
804 2316 954 2395 habeam,
977 2335 1118 2383 accentu
1134 2337 1200 2405 po-

80 2409 158 2469 sito
177 2410 213 2468 in
235 2410 361 2493 prima,
389 2424 458 2467 non
473 2402 610 2482 ultima,
638 2406 729 2488 quod
752 2402 952 2470 vocabulum
972 2404 1198 2491 complurium

79 2496 243 2557 veterum·
255 2493 548 2575 grammaticorum
565 2493 667 2553 crisin
687 2502 865 2577 expertum
880 2504 943 2567 est,
956 2490 1104 2556 verbalia
1120 2498 1199 2554 sunt

81 2572 177 2641 facta
216 2597 251 2640 er
264 2595 371 2661 apoco
397 2596 437 2639 en
454 2573 468 2661 Η
482 2596 525 2641 ex
539 2571 733 2659 πρόσθησις,
756 2574 900 2657 αὔξησις,
923 2596 1024 2638 --t
1046 2574 1110 2642 vid.
1119 2571 1192 2637 Sal·
1205 2583 1259 2650 ³3⁹

84 2679 171 2727 mas.
208 2661 349 2726 eli'lodo
364 2596 464 2728 ὕειον.
478 2682 510 2746 p.
524 2665 596 2725 211.
639 2661 863 2746 interpretem
880 2663 936 2744 qui
950 2665 1039 2746 γαμβ
1060 2669 1105 2734 οἷς
1119 2677 1198 2724 ver-

84 2748 134 2809 tit
152 2754 294 2829 cognatis
310 2766 375 2833 pro
391 2753 530 2827 sponsis,
563 2750 628 2808 iam
648 2749 822 2830 castigavit
836 2743 963 2830 Spanh.
986 2686 1102 2809 adiel.
1118 2748 1198 2831 imp.

85 2832 194 2921 pta,
215 2850 315 2915 quem
330 2843 365 2895 et
380 2830 496 2897 viddc
508 2852 539 2897 v.
554 2828 761 2912 αἰνόλεκτρον,
784 2826 925 2914 aliisque
939 2851 985 2894 ex
1000 2825 1085 2905 αἰνός
1099 2847 1198 2894 com-

87 2919 210 3005 positis
225 2917 268 2980 ad
287 2914 418 2983 Callim.
433 2915 467 2979 h.
484 2918 520 2979 in
535 2914 607 2980 Del.
621 2931 667 2981 vs.
682 2918 733 2981 92:

173 3038 236 3107 VS·
252 3042 324 3107 730.
366 3082 434 3096 --
450 3052 640 3127 εὐφιλόπαιδα

367 3145 423 3197 Καὶ
442 3146 571 3216 γεραροῖς
586 3143 747 3212 ἐπίχαρτον.

90 3242 229 3312 nenive
243 3262 288 3309 cx
302 3253 416 3309 mente
430 3242 629 3328 interpretis
646 3232 828 3323 ιδφιλὸπαις
844 3248 974 3320 contra,
992 3258 1096 3388 puato
1113 3237 1201 3304 solet

91 3326 256 3419 φιλόπαις,
283 3326 373 3414 quod
393 3330 500 3393 active
520 3337 632 3407 ποίοις
659 3323 763 3388 modo
784 3336 818 3387 et
837 3323 977 3390 hicnon
1009 3331 1097 3391 uerit
1110 3328 1201 3389 acci-

89 3414 253 3505 piendum
275 3414 339 3499 pr'o
356 3435 470 3495 pueros
486 3424 629 3489 amante,
657 3407 748 3493 quod
762 3420 873 3474 tamen
888 3415 1000 3475 minus
1016 3409 1201 3498 procedere

87 3498 228 3569 videtur
249 3502 292 3561 ob
313 3496 470 3561 adiuncta
491 3494 633 3579 reliqua.
667 3496 833 3575 ἐπίχαρτος
851 3498 988 3561 verbum
1006 3510 1057 3559 est
1071 3494 1200 3559 mediae

82 3582 360 3673 significationis.
383 3583 480 3645 Bono
493 3600 606 3656 sensu,
621 3583 670 3643 uti
686 3578 741 3643 hic
755 3579 834 3659 loci,
850 3593 900 3642 est
916 3584 950 3643 in
967 3579 1069 3667 Soph.
1080 3578 1200 3643 Tracb.

88 3688 140 3739 vs.
161 3674 251 3733 1279.
267 3668 388 3753 [tuot]
407 3669 572 3752 ἐπίχαρτον
589 3668 699 3743 τιλίως
711 3664 872 3729 ἀεκούσιον
886 3665 983 3749 ἔργον.
1023 3661 1142 3729 Altero
1162 3665 1199 3729 iu

89 3757 202 3821 nostri
216 3754 327 3817 Prum.
344 3773 389 3819 vs.
406 3757 475 3817 157.
491 3750 581 3839 apud
592 3750 732 3815 Aristid.
743 3750 902 3814 'l'omlli
918 3774 950 3839 p.
964 3750 1032 3813 135.
1050 3749 1200 3813 1363ss&

91 3852 127 3907 et
138 3842 214 3905 884.
230 3848 264 3902 et
277 3856 365 3923 quos
384 3858 453 3903 non
468 3832 578 3901 alios?
614 3837 681 3902 vid.
695 3848 763 3898 not.
779 3835 821 3897 ad
837 3834 944 3897 Thuc.
960 3834 1017 3897 tib.
1033 3832 1090 3897 111.
1107 3853 1136 3896 c.
1151 3833 1200 3897 67.

90 3922 261 3991 rtiexica.
316 3924 487 4009 Suspicari
503 3922 573 3984 noti
588 3920 770 3986 Arnmonio
785 3917 1025 3996 velificaturus,
1050 3920 1201 4003 priorem

92 4012 150 4075 ubi
164 4020 315 4097 praestat
331 4029 448 4086 usum,
477 4007 602 4071 factum
617 4006 724 4072 videri
740 4026 802 4092 per
815 4023 988 4092 syncopen
1003 4022 1048 4067 ex
1061 3996 1213 4087 ἐπίχιίρι·,

93 4118 163 4173 τος,
183 4113 252 4178 quo
268 4098 303 4157 in
319 4090 434 4179 steph.
451 4092 551 4157 Thes.
568 4112 636 4153 non
659 4092 760 4155 obvio
775 4093 882 4153 utitur
897 4092 981 4152 Xeu.
998 4088 1087 4152 Vlll.
1103 4091 1145 4152 K.
1159 4088 1204 4151 Π.
1306 4162 1312 4173 ⁸

92 4200 125 4265 p.
140 4182 212 4244 123.
229 4178 340 4261 [VHL
355 4184 386 4257 2,
402 4179 445 4264 2]
464 4177 553 4240 οὐδέν
574 4178 656 4239 ἔστιν
672 4175 732 4239 ἀπὸ
753 4183 808 4259 τῆς
823 4173 920 4256 αὐτῆς
938 4169 1079 4256 δαπάνης
1092 4175 1203 4255 ἐπιχα-

92 4260 277 4349 ριτώτερον,
297 4262 317 4347 ἢ
339 4300 426 4313 —--
448 4262 580 4351 (plures
602 4266 695 4326 novit
716 4273 872 4325 auctores
886 4261 1081 4326 adverbium
1094 4262 1205 4342 ίπιχα-
1231 4310 1234 4315 .

92 4351 198 4435 ριίιρς.
248 4348 415 4416 Aristaeo.
436 4347 532 4441 litui.
554 4350 651 4431 epist.
671 4347 725 4411 iV.
751 4343 809 4409 ult.
860 4344 963 4411 isocr.
991 4344 1033 4411 de
1058 4344 1212 4419 Permuu

802 4432 894 4502 λλλλ
