2626 4792
35 1108 38 1122 ,
147 1044 293 1111 scandas

154 193 179 267 o
536 150 629 268 mn.
647 192 676 268 1.
713 190 819 266 car.
833 193 880 269 ιι.

129 372 306 450 reciperata
312 410 323 445 ,
350 360 573 451 intelligenda
595 367 649 429 sit.
702 361 756 432 cl.
773 364 943 431 Stanleius
965 362 1195 453 Scholiasssten
1217 368 1264 430 ita

153 454 323 537 accepisse
343 459 457 535 putat,
482 458 521 513 ut
539 459 641 535 neget
659 449 732 516 Iovi
753 454 933 537 imperium
952 450 1024 516 fato
1051 468 1125 516 esse
1137 450 1266 515 datum.

151 532 237 601 Eam
247 554 329 604 vero
340 537 497 623 responsi
511 544 659 599 mentem
677 554 753 600 esse
767 557 837 600 non
850 554 953 622 posse
968 535 1061 615 dicit,
1083 535 1174 619 quod
1191 537 1266 603 lovi

152 634 259 703 aeque
270 639 310 685 ac
323 619 387 683 diis
402 616 543 704 reliquie
563 639 703 683 munera
724 618 797 684 fato
814 638 974 686 concessa
986 621 1130 685 doceant
1142 632 1267 707 poetae

153 713 189 769 et
201 709 276 793 ipse
287 700 477 791 Aeschylus
493 723 543 771 vs,
556 706 630 767 61&
679 704 812 770 Deinde
833 707 966 787 dubitat
976 726 1025 769 an
1044 706 1189 792 ἐπράχθη
1202 724 1267 771 us-

153 810 272 876 quam,
300 806 365 874 qua
386 790 497 852 critici
515 792 786 873 interpretantur
806 795 965 868 notione,
994 794 1184 878 reperiatur
1199 792 1266 854 ob-

152 880 256 941 vium.
307 876 420 956 Atque
440 873 493 937 his
514 876 638 961 positis
658 873 888 939 fundamentis
903 881 1080 941 contendit
1097 879 1265 959 sic‘acce-

150 972 230 1049 u
253 955 1274 1126 transmitteretis,terruerat

83 1174 88 1193 ι
133 1192 137 1199 ,
229 1152 272 1194 ue
291 1131 516 1212 acquieverit3
544 1125 787 1214 concluditque
812 1130 900 1194 adeo
928 1131 1108 1217 legendum
1129 1068 1280 1216 Rhapta„

149 1150 292 1281 .ἕέἶοοῐ
304 1213 372 1278 hoc
383 1227 423 1278 ut
435 1213 525 1277 dicat
539 1213 675 1278 Robur:
694 1216 830 1296 frustra
846 1216 1032 1280 Vulcanum
1052 1225 1140 1305 queri
1153 1223 1191 1279 de
1205 1240 1268 1279 sua

149 1314 252 1378 sorte,
285 1306 359 1364 aliia
374 1304 435 1364 diis
454 1303 592 1364 inuidere
615 1320 728 1380 suam,
761 1324 834 1365 oum
859 1306 923 1365 sint
946 1315 976 1365 et
989 1308 1115 1365 illoram
1131 1325 1268 1365 munera

150 1388 258 1450 labore
278 1396 308 1449 et
324 1390 467 1449 molestia
483 1389 594 1469 plena,
624 1397 654 1448 et
671 1394 728 1449 nni
741 1387 811 1450 Iovi
822 1391 937 1451 datum
954 1393 1000 1450 eit
1011 1393 1143 1451 immuni
1154 1393 1268 1451 vivere.

152 1469 281 1534 Verum
308 1472 499 1537 enimvero
520 1478 644 1552 quanta
666 1473 768 1534 etiam
788 1474 862 1538 veri
886 1475 1000 1557 specie
1014 1474 1126 1558 primo
1139 1473 1269 1533 intuitu

150 1552 236 1620 haec
255 1557 303 1619 ite
322 1552 476 1640 disputet
496 1556 549 1621 vir
568 1556 805 1633 doctissimus,
831 1568 964 1636 tamen,
998 1561 1027 1622 si
1049 1559 1192 1645 propius
1211 1560 1270 1619 in·

151 1642 294 1728 spicias,
333 1638 513 1705 falsissima
539 1658 632 1720 esse,
671 1650 705 1705 et
728 1642 769 1704 ab
793 1639 955 1728 Aeschyli
979 1653 1093 1705 mente
1122 1640 1269 1705 alienam

151 1742 295 1811 prorsus
308 1724 569 1807 explicationem
584 1728 731 1810 pariter,
762 1736 864 1810 atque
881 1727 1168 1803 emendationem,
1190 1746 1268 1789 me-

152 1832 230 1877 cum
248 1814 324 1877 scio
344 1809 446 1876 lateri
467 1810 614 1875 debebis.
664 1810 752 1873 Nam
771 1811 864 1895 quod
885 1815 999 1897 primo
1013 1814 1096 1877 dicit
1109 1809 1270 1876 Scholian

151 1907 227 1962 sten
242 1916 365 1985 negare
382 1896 471 1961 lovis
484 1899 668 1983 imperinm
682 1895 754 1959 fato
767 1899 901 1977 deberi,
932 1899 982 1963 sic
999 1917 1067 1960 non
1085 1907 1145 1960 est.
1188 1894 1270 1967 Ma·

150 1980 280 2046 nifesto
293 1985 384 2045 enim
399 1981 578 2067 distinguit
620 1991 696 2046 oeta
708 1985 800 2046 inter
817 1980 933 2048 lovem
951 1994 985 2047 et
1000 1982 1084 2045 deos
1102 1978 1269 2065 reliqum

119 2144 128 2151 ,
150 2067 195 2133 de
208 2064 271 2131 illo
284 2062 438 2152 loquitur
449 2086 496 2133 vs.
512 2070 565 2131 50.
586 2004 628 2131 tle
649 2066 703 2131 his
716 2086 763 2132 vs.
777 2068 828 2131 49.
844 2088 944 2152 quem
965 2077 1001 2131 et
1023 2060 1135 2130 Schoi.
1151 2065 1193 2129 A.
1207 2082 1270 2128 ao-

149 2150 223 2217 lum
239 2150 401 2240 explanat
414 2151 544 2228 verbis,
565 2152 644 2227 τιιές
662 2174 775 2236 φασιν,
804 2149 852 2217 ὅτι
864 2150 967 2218 πάντα
983 2153 1017 2217 ἐκ
1036 2155 1156 2239 μοιρῶν
1170 2150 1267 2215 δέδο-

136 2260 204 2317 Ιτοι
221 2245 289 2312 τοῖς
307 2242 412 2316 θοοῖς,
440 2237 522 2317 πλὴν
534 2236 570 2300 τὸ
591 2236 704 2321 ἄρχειν.
753 2235 833 2319 Quo
849 2237 931 2319 quid
951 2232 1130 2324 apertius?
1156 2234 1227 2301 Sed
1239 2238 1270 2299 si

126 2318 207 2390 trel
230 2318 396 2411 maxinme
416 2320 527 2386 dubiis
547 2331 751 2411 conceptum
772 2323 886 2387 verbis
914 2321 980 2387 hoc
1011 2320 1164 2386 scholion
1192 2321 1271 2387 vino

151 2404 193 2471 cl.
214 2406 409 2486 videbatur,
447 2426 583 2469 omnem
608 2403 811 2491 scrupulum
831 2410 983 2473 eximere
1004 2417 1140 2493 poterat
1152 2402 1270 2469 Schol.

149 2492 188 2557 B.
202 2495 260 2575 qui
274 2488 453 2557 recensitis
473 2494 646 2560 variorum
664 2495 842 2556 numinum
865 2492 1067 2559 muneribus
1078 2503 1112 2555 et
1126 2509 1269 2577 praero-

150 2580 291 2665 gativis,
311 2576 424 2656 addit,
449 2578 486 2644 τὸ
502 2577 538 2641 δὲ
551 2572 723 2659 βασιλεύειν
736 2572 850 2658 μόνος,
879 2577 975 2641 itale
1032 2596 1098 2664 pro
1109 2572 1268 2657 μόνον,ὃ

151 2662 233 2740 Ζεὺς
252 2657 461 2747 ἐκληρώσατο.
518 2660 657 2744 Quaeso
682 2663 765 2744 quid
795 2661 999 2727 dilucidius.
1038 2662 1108 2726 Sed
1131 2662 1270 2728 videtur

150 2753 226 2816 viro
247 2747 349 2812 docto
372 2748 458 2812 adeo
473 2744 641 2833 placuisse
653 2751 830 2834 proposita
842 2748 1052 2828 emendatio,
1073 2747 1269 2831 atqueinde

151 2832 320 2905 deductus
331 2832 401 2897 loci
415 2849 554 2912 sensus,
581 2845 620 2895 ut
636 2853 708 2895 rem
724 2853 785 2896 acu
799 2835 952 2918 tetigisse
993 2852 1147 2899 ersuasus
1164 2852 1270 2896 accu-

149 2923 256 2985 ratius
269 2922 462 2999 examinare
485 2917 616 2982 scholia
634 2916 874 3007 supersederit.
924 2916 953 2982 A
980 2918 1022 2983 de
1045 2916 1137 3002 quod
1150 2914 1205 2983 vel
1217 2920 1269 2981 ci-

150 3016 206 3069 tra
240 3024 377 3069 omnem
409 3014 561 3070 veterum
589 3005 789 3068 criticorum
827 3002 1121 3093 explanationem,
1162 3003 1269 3067 modo

151 3086 298 3176 ἐπράχθη
310 3094 409 3153 notet
425 3086 571 3174 ὥρισται,
594 3085 784 3169 verrinarum,
807 3088 842 3153 ἐκ
852 3090 967 3173 μοίρας
981 3086 1119 3174 ἐγεγόνει,
1142 3099 1182 3152 ut
1202 3109 1269 3152 ex-

150 3184 302 3263 ponunt,
326 3180 361 3239 'et
377 3174 501 3259 dequo
513 3194 597 3238 mox
609 3173 809 3254 videbimus,
831 3177 931 3240 verba
943 3172 1104 3261 Aeschyli
1116 3192 1185 3236 non
1201 3171 1269 3236 ali-

150 3272 205 3325 ter
216 3256 363 3347 intelligi
377 3269 520 3345 queant,
549 3278 648 3344 quam
670 3258 724 3331 val
736 3280 808 3345 quo
821 3280 943 3345 cepere
956 3256 1105 3335 scholia,
1132 3258 1186 3323 rel
1201 3259 1269 3322 hoc

152 3343 272 3415 saltem
287 3364 405 3421 sensu:
425 3350 551 3430 reliquis
564 3351 625 3408 diis
637 3344 805 3424 hoofatali
819 3352 1002 3409 necessitate
1013 3352 1199 3425 iniunctum,
1221 3359 1268 3423 ut,
1298 3358 1304 3367 “

128 3449 132 3457 '
151 3454 336 3519 qaaunqnam
358 3426 433 3495 'taliis
449 3436 614 3511 gaudeant
627 3435 771 3497 omnibus
787 3437 1032 3514 praerogativis,
1059 3434 1150 3492 libere
1163 3442 1269 3492 tamn

151 3542 241 3597 agere
255 3538 318 3597 nnn
330 3521 444 3599 licent3
464 3516 534 3579 Ioui
549 3528 662 3581 contro
674 3518 735 3579 rota·
746 3518 782 3577 id
798 3536 994 3594 concessum,
1024 3521 1073 3577 nti
1089 3514 1148 3596 p'ro
1166 3518 1270 3579 habita

149 3606 212 3679 illis
231 3608 379 3684 imperet,
408 3606 477 3693 ipae
490 3603 531 3662 ab
551 3604 635 3663 aliua
647 3606 776 3687 imperta
795 3601 873 3661 liber
886 3612 971 3679 agat.
1018 3597 1063 3660 Et
1079 3616 1149 3681 quo
1164 3602 1193 3661 si
1208 3619 1269 3662 su-

150 3696 285 3751 urantur
298 3685 421 3762 inodo,
450 3683 540 3747 idem
562 3702 706 3769 prorsus
729 3682 786 3749 hic
799 3680 865 3746 loci
876 3683 1011 3747 dixerit
1022 3698 1156 3762 auctor,
1176 3682 1270 3767 quod

151 3772 289 3851 vs.18§·
309 3768 359 3839 iu
379 3767 454 3855 παρ’
473 3766 576 3855 ἑαυτῷ
598 3768 633 3834 τὲ
652 3769 771 3837 δίκαιον
786 3766 844 3851 ἔχει
860 3764 877 3831 ὅ
892 3764 991 3846 Ζεύς,
1014 3779 1109 3832 atvs
1127 3772 1199 3832 324.
1222 3767 1271 3832 ὅτι

150 3852 310 3941 μόναρχος
325 3852 392 3923 aad
404 3850 582 3933 ’ὑπεύθυνος
592 3862 708 3936 κρατεῖ.
729 3855 880 3937 Itemque
888 3853 1075 3940 Sophocles
1086 3855 1152 3939 [ap.
1163 3850 1270 3918 Clean.

150 3938 248 4017 Aleia
262 3939 330 4011 Str.
343 3938 417 4005 Vll.
438 3960 472 4027 p.
487 3940 561 4015 259,
576 3940 627 4003 26.
643 3938 750 4029 syla]
1054 3976 1059 3993 ι

264 4048 268 4055 ·
406 4070 479 4121 -3
498 4036 565 4115 aridi
581 4043 692 4098 θεοῖσιν
707 4036 863 4112 αὐθαίρετα
881 4034 974 4093 πάντα
990 4043 1122 4095 πέλονται

304 4120 405 4205 Νόσφι
422 4123 508 4193 Arde,
524 4124 616 4187 aeteae
632 4124 688 4196 γὰρ
706 4122 764 4199 ἔχει
781 4126 860 4187 'atior
875 4125 927 4194 att
943 4130 990 4181 xci
1006 4122 1105 4201 ἀρχήν,

140 4204 343 4291 'reliquique
356 4226 442 4293 quos
453 4206 568 4273 laudat
583 4212 627 4279 in·
637 4213 730 4279 uotis
746 4209 926 4276 Stanleius.
966 4211 1190 4293 Utrocunque
1206 4229 1270 4274 aa·

27 4320 31 4325 ·
150 4301 222 4363 tem
239 4310 344 4381 annau
366 4296 437 4361 acci
463 4296 594 4377 tantur,
623 4292 744 4371 ¹alliciar
768 4300 868 4374 satis,
899 4301 934 4363 ni
954 4296 1076 4379 fallor,
1112 4300 1269 4384 responsi

17 4424 21 4435 ·
124 4380 221 4445 uerit
233 4380 294 4449 xia
312 4376 356 4447 ad
376 4316 560 4467 hssnlendas
581 4373 726 4447 Vulcani
745 4380 922 4467 querelas
965 4380 1017 4449 De
1037 4385 1101 4449 viri
1119 4381 1160 4446 cl.
1185 4402 1269 4451 vero
