2626 4792
252 160 258 167 ’
385 202 957 285 neruosus„
1133 205 1185 279 υο
1282 252 1288 289 f

85 404 123 455 rs.
132 384 212 451 866.
227 382 263 464 *)
285 389 320 445 ct
334 374 531 466 ἄραήστατον
542 377 626 464 lunc
639 387 777 464 κρεῖττον
787 374 1013 463 ἐκπηδήματος.
1028 392 1077 449 vs.
1093 377 1186 443 1886.

81 472 161 541 Mox
174 466 358 555 iullSchol.
374 465 416 528 ad
425 485 470 531 vs.
483 466 552 530 106.
570 472 635 552 pro
647 466 808 550 χαρίζουσι
824 464 941 529 forsan
955 463 1017 550 leg.
1029 465 1184 549 χαίρουσι.
1196 471 1247 526 169

159 569 218 634 Vs.
234 571 305 631 110.
333 565 467 651 Ἕσορᾶν
479 560 604 631 πόντιον
617 561 722 639 ἄλσος.
767 565 875 628 Recte
886 566 977 627 inter
1003 582 1057 626 res
1073 568 1188 647 adspi-

77 680 161 732 cere,
185 672 254 738 quo
277 663 417 715 utuntur
432 652 508 714 Lat.
528 650 572 715 de
588 649 764 735 intrepido
779 662 911 712 conatu.
949 672 1075 714 ποντιον
1091 645 1189 722 ἄλσος

77 742 183 819 dixit,
211 750 250 813 ut
269 733 436 823 ἁλίρρυτον
458 735 562 811 ιλλσος.
601 737 635 796 in
654 733 771 822 Suppl.
795 754 841 799 vs.
855 734 927 797 875.
947 734 1035 796 inira
1051 751 1098 797 vs.
1113 733 1187 797 898.

75 821 193 911 Ἰκάρου
209 824 293 897 itur:
317 821 383 887 vid.
399 831 433 883 et
450 819 556 883 Staul.
570 830 679 883 notas.
726 821 780 881 De
790 814 965 882 locutione
981 817 1066 903 φρήν
1081 815 1188 896 dudo}-
1223 863 1226 870 -

77 932 160 975 σιται
203 905 281 1055 ieri),
306 925 390 989 quae
404 908 566 988 sequitur·
574 908 609 967 in
623 906 825 982 continenti,
846 904 911 971 vid.
924 903 994 969 Bos
1006 904 1088 969 Obs.
1100 901 1187 968 Crit.

77 994 180 1059 cxx
265 1041 272 1056 .
805 996 807 1001 '
1145 991 1156 1051 ’.

127 1156 130 1161 ¹
158 1080 219 1142 Vs.
236 1078 307 1141 117.
340 1069 449 1150 Πόλις.
501 1073 553 1139 De
571 1077 709 1161 regione
728 1071 883 1138 adhibuit
903 1077 953 1137 uti
971 1076 1037 1137 iam
1055 1076 1189 1138 monuit

79 1162 267 1253 spanhem..
279 1160 323 1225 ad
338 1158 452 1223 luliau.
466 1156 561 1227 Caes.
581 1182 614 1245 p.
633 1162 702 1223 148.
718 1169 753 1221 et
765 1162 838 1222 227.
889 1158 1017 1223 Passim
1040 1163 1189 1243 occurrit

80 1244 864 1425 ldgglidiiffiddgilldhlriiodvsochlnohtlugfhu'iseedglll·
874 1243 1188 1420 Afiurffltissyffi:
1233 1388 1235 1393 ,

83 1416 144 1484 0d.
157 1416 248 1479 Vlll.
265 1414 324 1477 ult.
340 1426 372 1476 et
388 1412 485 1498 plura
499 1413 589 1500 apud
605 1412 646 1478 cl.
667 1411 870 1499 Wesseliug.
888 1414 1060 1478 adAnton.
1071 1416 1188 1479 ltiner.

83 1504 197 1591 1²⁵2ss-
212 1512 312 1583 atque
329 1501 370 1563 ls.
386 1503 482 1575 Voss.
498 1501 541 1562 ad
556 1500 600 1564 Sc
626 1499 647 1563 1.
663 1498 785 1585 Peripl.
802 1522 835 1586 p.
850 1502 920 1577 92„
941 1503 999 1563 ubi
1014 1510 1047 1564 et
1062 1500 1188 1587 prioris

82 1607 156 1653 usus
171 1596 269 1650 exem
295 1586 364 1648 lum
379 1586 543 1671 invenies.
623 1585 701 1659 erbe
713 1581 861 1648 Pollucis
878 1584 937 1649 lib.
951 1584 1010 1664 IX,
1024 1587 1088 1663 27,
1103 1602 1188 1669 quau

84 1676 203 1738 ibidem
217 1671 257 1743 ad
277 1680 436 1747 emmor,
459 1679 610 1753 quaeque
623 1681 660 1732 ut
677 1668 791 1732 Vossii
804 1674 855 1733 sio
876 1666 1018 1747 aliorum
1033 1673 1190 1735 eruditor

85 1778 154 1821 rum
170 1769 302 1819 torsere
317 1756 502 1838 ingenium,
516 1752 594 1833 hoc,
609 1756 647 1815 ni
659 1751 769 1836 fallor,
790 1764 892 1839 pacto
908 1774 987 1818 suae
1001 1759 1190 1819 restituen-

87 1842 121 1906 da
132 1843 335 1925 integritati:
351 1848 417 1912 τοῖς
430 1841 492 1922 γὰρ,
504 1847 646 1921 ποιηταῖς
658 1842 708 1901 καί
720 1838 778 1914 τὰς
795 1837 902 1920 κώμας
913 1840 1032 1923 λέγουσι
1047 1838 1189 1924 (νήσους,
1203 1834 1207 1841 ’

88 1931 129 1992 ταὶ
140 1925 199 2000 τὰς
216 1923 346 2008 νήσους)
367 1923 471 2000 πόλεις
490 1922 528 1988 οὐ
543 1923 738 2007 προσεκτέον.
781 1921 891 1990 Uncis
907 1925 1038 1989 inclusa
1053 1924 1189 1989 deside-

87 2026 195 2077 rentur
215 2008 318 2073 hodie
339 2021 451 2095 aperta
475 2010 673 2071 omissionis
694 2026 712 2070 a
734 2007 876 2072 librario
899 2010 1063 2074 admissae
1079 2026 1190 2087 causa,

88 2098 122 2163 ub
142 2101 195 2161 bis
214 2116 335 2181 nempe
356 2095 540 2179 repetitum
558 2093 609 2157 καλ
631 2087 697 2169 τάς.
757 2093 845 2156 Tum
868 2095 1065 2163 nc'duhites
1084 2094 1189 2179 νήσων

75 2186 215 2247 numine
238 2179 346 2260 κώμας
363 2176 510 2262 intelligi
524 2175 658 2254 solitas,
687 2199 729 2240 en
744 2181 807 2241 tibi
822 2181 894 2242 eius
909 2181 958 2240 rei
974 2190 1096 2242 testem
1114 2180 1190 2242 Eu-

89 2268 175 2333 turn
191 2266 235 2329 ad
249 2262 285 2327 ll.
301 2265 339 2327 Β.
353 2285 384 2349 ρ.
402 2264 473 2337 140,
491 2266 537 2326 18.
555 2263 730 2348 [185,10.]
749 2266 806 2327 ubi
825 2273 943 2339 monet
964 2268 1012 2329 sic
1025 2264 1189 2349 quosdam

87 2354 313 2437 grammaticos
329 2353 501 2434 accepisse
518 2366 566 2411 νε.
586 2351 654 2412 108.
1189 2376 1195 2395 =

238 2464 253 2536 ΙΙ
263 2462 386 2536 Πολλήσι
402 2456 511 2530 νήσοισι
529 2462 576 2515 καὶ
591 2458 689 2535 ’Ἄργεΐ
705 2464 791 2518 παντὶ
808 2459 952 2520 ἀνάσσειν.
1146 2452 1149 2459 ¹
1197 2484 1248 2541 170

82 2572 198 2655 quihus
213 2578 325 2631 tamen
343 2560 433 2625 haud
449 2561 656 2648 suffragatur
671 2562 779 2630 Thuc.
791 2559 851 2630 lih.
866 2566 891 2631 1.
908 2589 936 2631 c.
954 2570 984 2631 9.
1028 2562 1189 2634 Ceterum

77 2657 108 2723 ln
128 2647 352 2737 abstergenda
367 2646 496 2711 Polluci
510 2645 574 2710 hac
594 2648 669 2713 labe
686 2650 765 2713 dum
782 2671 916 2732 versor,
936 2652 1000 2715 alia
1018 2657 1052 2717 in
1069 2654 1188 2723 oculos
1298 2714 1301 2725 .

75 2736 222 2809 incurrit
245 2739 277 2800 ei
295 2736 450 2819 proxima
469 2738 506 2795 in
526 2735 638 2799 verbis
658 2731 680 2820 ή
700 2735 734 2799 δὲ
748 2738 857 2823 ἰσθμῷ
871 2736 891 2822 ἢ
906 2743 1044 2827 πορθμῷ
1056 2764 1190 2825 προσοι-
1260 2784 1262 2789 2

75 2836 176 2897 νοοῦσα
195 2818 284 2897 πόλις
305 2816 485 2903 ἀμφίπολος.
517 2820 576 2882 ubi
598 2841 683 2904 quae
696 2819 856 2885 Kuhnius
876 2833 971 2886 notat
985 2824 1027 2901 dc
1041 2825 1189 2912 Amphi·

75 2912 146 2999 poli
159 2928 204 2975 ex
212 2905 317 2971 Thuc.
331 2902 453 2969 lib.lV.
469 2908 578 2968 c.102.
595 2924 716 2970 vereor
733 2926 773 2969 eo
790 2918 826 2969 ut
840 2905 983 2989 iaciant3
1004 2910 1070 2973 vid.
1084 2908 1188 2977 modo

75 3000 178 3065 rerba
194 2992 366 3068 historici,
395 2985 564 3071 simulque
580 2986 698 3074 Steph.
744 2990 831 3053 Vera
850 2988 955 3057 lectio
971 2993 1077 3059 fuisse
1089 2996 1189 3060 vide·

75 3088 143 3151 lut.
165 3078 342 3163 ἅγχίπολις,
371 3085 410 3137 ut
428 3071 531 3146 τόπος·
541 3070 688 3156 ἀγχίαλος
710 3088 743 3140 ct
756 3072 924 3160 ἀμφίοιλος.
951 3125 953 3129 ι
975 3078 1051 3163 vid.
1068 3077 1187 3167 steph.

75 3164 159 3257 Byz.
179 3174 214 3227 et
234 3161 277 3224 ad
297 3180 373 3223 eum
394 3170 465 3223 not.
514 3156 589 3221 Nec
607 3162 962 3242 praetermittendum,
997 3163 1189 3247 quodlicet

75 3272 154 3319 num
168 3244 307 3312 Polluce
321 3242 461 3309 Casaub.
475 3243 630 3307 Animad.
652 3249 687 3307 in
707 3241 828 3309 Athen.
850 3244 907 3308 lib.
921 3247 962 3310 ll.
979 3271 1005 3313 c.
1020 3249 1049 3314 5.
1071 3253 1187 3338 po'e'tis

75 3346 209 3405 tuntum
223 3333 352 3395 tribuat
366 3326 462 3390 illum
477 3328 595 3405 πόλεως
611 3349 728 3406 usum,
756 3348 826 3391 non
845 3340 958 3395 tamen
973 3334 1111 3423 Lysiam
1124 3357 1186 3401 re·

75 3422 204 3511 fugisse
220 3416 296 3479 loco
311 3418 352 3477 ab
366 3413 633 3500 Harpocratione
649 3419 769 3489 citato,
789 3426 889 3499 atque
902 3420 1028 3482 iterum
1043 3422 1078 3483 in
1096 3432 1184 3483 urat.

75 3508 112 3573 ln
134 3503 265 3571 Andoc.
288 3501 349 3563 sub
373 3501 478 3582 princ.
503 3498 550 3583 [p.
566 3503 639 3562 201.
662 3497 762 3584 usic]
785 3496 888 3564 ἔπειτα
910 3501 1014 3568 δὲκαὶ
1036 3502 1187 3611 διώήληκε

75 3588 178 3667 πόλεις
200 3584 318 3667 πολλὰς
336 3586 369 3650 ἐν
389 3589 429 3669 τῇ
447 3582 608 3671 ἀποδημίᾳ
621 3587 780 3664 Σικελίαν,
805 3583 954 3667 Ἰταλίαν,
981 3591 1188 3670 Πελοποννη-

75 3702 149 3751 nur,
173 3670 362 3744 Θετταλίαν,
382 3666 620 3752 Ἑλλήσποντον,
642 3670 771 3746 Ἰωνίαν,
792 3668 933 3756 Κύπρον.
977 3671 1128 3737 Tandem
1144 3684 1185 3738 ut
1282 3668 1284 3672 ⁸

75 3756 155 3829 ἴσου
168 3779 232 3847 pro
246 3760 350 3818 insula
361 3752 608 3817 Anacreontem
621 3758 777 3841 posuisse
791 3775 855 3820 nos
871 3759 970 3822 docet
984 3757 1051 3821 Hes
1077 3758 1186 3837 chius,

75 3850 122 3913 lta
141 3842 259 3916 dorcic
273 3841 420 3921 υησαίους
438 3839 526 3902 dixit
539 3835 687 3924 Oppian.
700 3841 741 3902 V.
765 3838 838 3905 Hal.
855 3861 903 3906 vs.
917 3842 988 3905 513.
1033 3779 1121 3906 lllox
1134 3862 1196 3910 vs„
1288 3886 1291 3895 »

76 3938 146 3999 123.
158 3929 268 4011 ὅμιλος
283 3922 390 3990 ἀπύων
410 3945 454 3988 ex
468 3922 579 3986 Schol.
594 3935 708 3988 mente
721 3935 801 3990 sunt
813 3927 1009 3990 nominativi
1027 3926 1185 4010 absoluti,

75 4020 173 4087 cuius
186 4014 320 4101 generis
331 4007 430 4097 plura
446 4009 512 4075 vid.
525 4013 560 4073 in
579 4008 718 4077 Sahnas.
739 4010 898 4101 dezmodo
915 4014 1005 4075 usur.
1020 4033 1052 4100 p.
1067 4015 1139 4081 7-15.

75 4181 299 4205 ....---

99 4302 131 4371 ιι)
148 4301 217 4354 Huc
236 4290 315 4379 reier
329 4291 402 4345 illud
415 4293 591 4349 Menandri:
609 4296 711 4370 ¹[Seni.
724 4295 799 4365 ring.
813 4310 841 4348 v.
853 4293 930 4363 251]

179 4383 251 4439 Θεοῦ
272 4379 306 4434 ai
323 4379 431 4450 πληγήν
448 4378 500 4450 οὐχ
519 4376 666 4452 ὑπερπήσᾷ
685 4376 792 4454 βροτός.
829 4381 930 4444 [Anu.
945 4396 974 4450 p.
988 4379 1066 4447 sot}
