2626 4792
153 200 176 285 t
515 205 640 303 ,uta
660 205 687 280 1.
722 201 828 279 σου.
845 204 873 278 1.
991 180 995 192 '

155 378 317 469 Aeschyli
332 377 374 440 ad
389 375 453 440 loc.
465 377 498 441 d.
514 381 550 440 in
570 377 664 463 Sept.
679 376 825 443 'l'hebas
875 377 986 441 Facile
1008 379 1122 458 itaque
1138 376 1274 440 carebi-

156 490 231 535 mus
245 462 447 531 scholiastae
468 460 705 550 supplemento
725 465 937 526 extrinsecus
952 459 1159 527 adsumentis
1175 458 1276 525 οἰκού-

158 579 209 639 σῃ.
254 542 322 614 Sed
341 558 393 613 est
414 550 477 610 iste
499 557 652 618 ueterum
668 550 863 611 criticorum
878 567 970 622 mos,
997 558 1052 624 ut,
1080 546 1296 629 ubicunque-

159 640 231 702 iere
249 636 388 699 verbum
410 650 447 695 se
469 631 574 696 offert
596 631 734 715 aliquod
759 632 893 695 duobus
910 632 1106 694 adiunctum
1123 634 1276 694 nomini-

133 724 233 800 θυαε,
258 740 402 803 quorum
417 714 560 796 alterum
576 716 678 806 paulo
693 721 802 781 rarius
818 718 973 780 comitari
987 715 1085 795 solet,
1108 712 1224 803 illicoll
1234 714 1276 778 ad

160 805 295 893 ellipsin
318 798 534 885 confugiant3
563 822 663 887 quam
683 822 745 888 ego
769 800 858 865 haud
879 800 978 866 facile
997 802 1205 882 admiserim3
1238 811 1276 863 ut

160 896 216 977 qui
238 892 433 953 observasse
456 886 541 949 milii
563 888 682 954 videor
705 886 906 973 plerumque
927 891 961 948 in
982 884 1217 950 cerboaddito
1240 885 1277 948 id

159 984 270 1063 ipsum
288 972 439 1046 latitare,
461 971 552 1053 quod
569 971 619 1035 illi
635 982 809 1055 quaerunt.
841 973 898 1036 Sic
911 974 947 1034 in
958 969 1018 1033 illo
1030 969 1146 1054 Eurip.
1157 966 1276 1036 Orest.

161 1079 205 1127 vs.
223 1061 313 1123 898.:
340 1059 474 1123 Κτανεΐν
493 1059 551 1140 μὲν
572 1055 643 1124 ollae
660 1081 712 1137 σε,
743 1055 812 1120 ούτε
827 1052 1050 1141 σύγγονούεία,
1073 1062 1156 1141 φυγῇ
1169 1058 1205 1120 δὲ
1222 1057 1277 1138 ζη-

159 1152 308 1228 μιοῦντας
328 1141 479 1222 εὐσεβεῖν,
507 1140 673 1206 advocant
692 1139 800 1227 ἔλεγεν.
843 1140 946 1226 Atqui
960 1140 1017 1206 οὐκ
1036 1142 1090 1207 ἐάν
1106 1141 1148 1202 de
1162 1142 1277 1226 impe-

161 1235 312 1294 dimento
327 1248 395 1290 non
411 1227 513 1291 modo
529 1237 729 1317 usurpatum
748 1230 901 1292 invenias
916 1225 1007 1309 quod
1027 1224 1276 1289 effectumsor-

160 1320 261 1393 titur,
292 1333 407 1378 verum
430 1314 530 1376 etiam
546 1312 638 1395 quod
656 1311 870 1377 dehortando
890 1308 1160 1377 dissuadendove
1180 1314 1280 1394 quis7

160 1404 251 1487 piam
276 1397 405 1461 inferre
426 1408 586 1475 conatur,
617 1410 717 1480 atque
735 1399 776 1462 ἐῶ
789 1397 903 1481 ¹idem,
935 1394 1027 1479 quod
1041 1402 1191 1481 συγχωρῶ
1213 1399 1234 1457 1.
1250 1417 1276 1459 ε.

161 1483 323 1567 σύμφημι,
357 1478 501 1565 ὁμολογῶ
523 1481 568 1560 ¹l‘).
621 1482 784 1546 Herodot.
805 1479 861 1544 lib.
875 1481 966 1544 Vlll.
988 1503 1015 1544 c.
1031 1482 1082 1543 69.
1105 1480 1148 1544 de
1172 1480 1278 1559 Arvo-
1300 1513 1311 1519 ·

160 1574 278 1647 misia,
306 1566 375 1632 ὅσοι
389 1568 447 1649 μὲν
468 1567 542 1631 ἴσαν
566 1566 664 1632 εύνοοι
684 1572 723 1652 τῇ
741 1566 918 1652 Ἀρτεμισίῃ
940 1564 1107 1650 συμφορὴν
1120 1568 1278 1630 ἐποιεῦντο

160 1655 236 1729 τούς
255 1652 382 1737 λόγους,
413 1649 456 1728 ὡς
479 1647 574 1716 κακάν
592 1679 622 1717 τι
642 1653 824 1734 πεισομένης
844 1652 924 1737 πρὸς
942 1655 1095 1734 βασιλῆος
1113 1650 1160 1715 ὅτι
1173 1648 1279 1740 cinit}

161 1743 334 1822 ναυμαχίην
354 1738 524 1802 ποιέεσθαι.
570 1736 650 1823 Cap.
668 1743 736 1799 101.
764 1738 896 1825 Xmerxes
924 1738 965 1798 ad
990 1737 1130 1800 eandem
1159 1734 1199 1800 σύ
1225 1724 1278 1798 οὖν

161 1827 229 1907 ἐμοὶ
237 1875 246 1904 ,
277 1826 327 1889 καί
347 1818 406 1908 ’γάρ
423 1824 491 1909 περὶ
513 1828 570 1905 τῆς
581 1825 757 1905 ναυμαχίης
771 1825 804 1885 td
822 1822 1066 1904 συνεβούλευσας
1081 1828 1138 1904 τῆς
1150 1821 1278 1906 μεταμί-

150 1934 237 1992 ..νης,
258 1907 314 1975 οίκ
329 1908 413 1972 ἐῶσα
427 1908 598 1987 ποιέεσθαι,
620 1913 675 1973 νῦν
689 1932 722 1972 τε
735 1904 976 1988 συμβούλευσον.
1025 1906 1119 1971 Idem
1141 1904 1205 1971 lllll
1222 1904 1278 1968 lx.

148 2018 188 2075 ¹o.
198 1996 258 2075 66.
286 1990 482 2079 Ἀρτάβαζος
501 2030 586 2041 -m
610 1996 662 2059 ital
676 1990 747 2059 τότε
759 1992 860 2057 πολλά
874 1991 1076 2075 ἀπαγορεύων
1090 1987 1278 2074 οάύὲιίῆνυε,

164 2076 352 2161 συμβάλλειν
364 2078 421 2149 οὐκ
433 2082 501 2145 ἐῶν.
534 2074 580 2163 Et
596 2102 623 2143 c.
632 2082 685 2143 76.
707 2076 954 2161 Λακεδαιμόνιοι
968 2078 1024 2142 οὐκ
1038 2077 1096 2141 ἴων
1109 2074 1282 2164 φεύγοντας

163 2162 289 2231 leuium.
316 2169 336 2225 i.
351 2186 377 2226 e.
402 2162 553 2247 impedire
572 2171 786 2236 conabamur,
821 2168 1056 2227 dissuadebant.
1115 2156 1279 2229 Similiter

163 2249 304 2321 Aristid.
322 2247 418 2309 Tom.
436 2249 490 2311 lll.
505 2270 539 2356 p.
559 2250 631 2311 621.
647 2247 774 2334 [Cant]
788 2246 865 2322 τοὺς
879 2250 937 2331 μὲν
956 2246 1071 2323 ἄλλους
1090 2249 1279 2337 ἐπίστασθαι

163 2331 400 2503 μοικαί.
415 2332 469 2483 tt
482 2322 1277 2516 atitt.aracusiamistit.

49 2522 58 2565 ἱ
165 2505 269 2599 ὅρκος,
279 2441 335 2569 ogit
348 2505 385 2591 ἐᾷ
399 2504 501 2584 λέγειν.
524 2500 772 2567 Hauddelicius
786 2444 1154 2590 versanturSopiiodlis
1167 2520 1276 2587 grain

163 2592 278 2653 matici
286 2591 320 2650 in
330 2586 390 2651 illo
400 2585 526 2652 Electr.
534 2608 581 2654 υε.
590 2589 661 2660 438.
676 2586 696 2673 ἢ
708 2597 861 2669 πνοαῖσιν,
871 2588 891 2668 ll
902 2596 1108 2674 βαθυσκαφεῖ
1116 2586 1197 2655 κύνα
1205 2583 1276 2672 κρύ-

164 2692 229 2757 ψον
243 2673 282 2739 τὰ
298 2676 488 2757 κτερίσματα
501 2671 702 2760 supplentes
715 2673 827 2759 ῥίψον,
850 2672 923 2755 δός,
944 2685 1007 2738 aut'
1016 2672 1135 2739 simile.
1177 2674 1277 2739 Notat

166 2764 254 2824 enim
271 2758 412 2825 Graecis
436 2757 579 2845 κρύπτειν
596 2782 779 2845 quocunque
801 2764 893 2823 modo
909 2786 925 2824 e
940 2775 1105 2843 conspectu
1117 2781 1276 2834 remouere,

165 2846 275 2920 idem,
311 2844 402 2928 quod
427 2844 593 2928 ἀφανίζειν.
648 2843 780 2908 Aelian.
806 2844 848 2909 de
869 2844 978 2908 Anim.
998 2844 1053 2907 lib.
1068 2845 1106 2907 ll.
1123 2866 1155 2907 c.
1168 2847 1198 2906 7.
1219 2839 1275 2905 ύπὸ

140 2928 249 3017 illicit
263 2930 458 3017 ίλίοιςκαὶτη
469 2927 594 3016 ψάμμῳ
605 2928 824 3014 ἀφανίζεσθαι,
840 2931 890 2993 καὶ
905 2928 1002 2994 ἑαυτά
1018 2925 1277 3014 ἀποκρύπτεσθαι.

167 3016 270 3099 Soph.
289 3018 398 3100 Antig.
418 3036 464 3080 VS.
481 3021 554 3079 202.
575 3010 666 3100 τάφῳ
688 3039 721 3079 τε
741 3016 880 3100 κρύψαι,
909 3018 961 3080 καὶ
986 3015 1027 3080 τοὶ
1053 3011 1142 3078 πάντ’
1165 3013 1277 3100 άφανί·

167 3125 228 3165 σαι.
269 3100 324 3163 Ad
344 3101 483 3162 Homeri
498 3102 599 3164 vcrba
616 3101 707 3184 quod
723 3105 861 3179 attinet,
889 3122 974 3183 quae
989 3100 1031 3164 ad
1047 3098 1183 3186 ellipsin
1198 3118 1279 3162 con·

43 3225 45 3229 <
166 3183 365 3249 firmandam
381 3183 630 3253 subdit-Schol.
651 3207 696 3249 ex
716 3185 754 3249 ll.
778 3190 813 3251 Γ.
836 3206 884 3252 rs,
899 3183 1070 3250 attritis
1097 3186 1279 3261 adsentior,

19 3305 22 3313 ·
167 3290 253 3353 quos
266 3269 420 3333 Eustatb.
438 3273 551 3355 p.318.
560 3270 650 3354 [Bas.
666 3272 742 3351 420,
758 3272 928 3354 10.llom.]
945 3273 1045 3335 dicit?
1064 3266 1281 3356 φιλοσοφώτε-

45 3424 48 3429 ,
166 3380 225 3439 ρον
236 3354 455 3435 ἐπιβάλλοντες
466 3357 557 3443 ἑανῷ
572 3355 686 3421 ἔκειντο
700 3362 806 3423 νοοῦσι
824 3360 875 3420 καί
892 3355 928 3420 τά
947 3359 1089 3422 ἵσταντο.
1191 3388 1196 3411 ι

156 3568 159 3573 Ι
220 3571 229 3595 Ι
255 3476 369 3557 Vsus.
385 3486 576 3565 Σταθευτύς.
601 3489 1162 3592 801101.Βυταθεύειν--άπὰτού
1174 3492 1284 3601 λ’στρμι

168 3597 286 3656 στησιο,
304 3576 421 3638 καὶτοῦ
436 3574 521 3637 αἶθον
535 3574 572 3638 τὸ
588 3576 674 3645 καίοι.
689 3574 960 3658 Rectius'l'ltona
970 3576 1128 3661 Magoni
1144 3584 1203 3642 τοῦ
1213 3600 1285 3657 ενοι,Ι

97 3704 100 3709 -
169 3658 207 3723 τὸ
226 3662 320 3735 καίοι,
345 3663 441 3722 etsie
455 3656 611 3723 Eustath.
625 3659 667 3722 ad
677 3656 744 3725 od.
754 3665 792 3725 Β.
801 3685 833 3749 p.
843 3666 894 3727 97.
906 3664 1016 3747 [itta
1030 3662 1219 3809 tottornp1
1232 3660 1285 3724 De

171 3747 311 3806 not-ione
325 3744 453 3806 confer.
470 3744 659 3830 Hesychsv.
673 3744 910 3826 ἔσταθευμίνος,
926 3744 1040 3811 Schol.
1053 3747 1193 3833 Aristop
1220 3793 1228 3808 .
1242 3745 1285 3809 ad

172 3826 262 3891 Ecnl.
287 3848 333 3893 vs.
351 3832 420 3891 127.
450 3839 485 3890 et
498 3827 643 3975 Lpsistr.
659 3833 734 3894 376.
784 3832 858 3896 Nec
878 3830 977 3896 aliter
1002 3830 1162 3897 στάτευσιν
1181 3828 1286 3897 adhi-

170 3910 459 3979 bult'dristoteles
475 3915 510 3974 in
539 3934 623 3993 oco,
652 3936 751 3997 quam
764 3914 807 3979 ol.
821 3914 931 3982 Stanl.
947 3916 1059 3982 adfert
1075 3936 1119 3979 ex
1134 3915 1193 3977 IV.
1207 3912 1287 3978 Me·

166 4002 256 4060 teor.
273 4017 299 4060 c.
315 4003 343 4062 3.
366 4008 455 4062 extr.
475 4017 579 4080 'quam
599 4011 782 4086 exponunt
807 4006 1017 4087 grammatici
1038 4011 1170 4068 veteres
1193 3998 1288 4087 apud

168 4180 393 4192 m

199 4307 233 4375 a)
253 4306 291 4359 ut
311 4302 353 4357 stc
370 4305 449 4359 taem
464 4309 617 4379 Euripide·
636 4313 807 4387 frequenter
821 4317 910 4371 aaut:
944 4296 998 4371 ita.
1017 4317 1095 4384 eya.
1119 4333 1157 4369 ι..
1170 4314 1237 4369 aas.
1259 4322 1290 4367 ει

238 4374 299 4430 aaa.
320 4375 425 4449 [σου.
440 4392 470 4449 ρ.
486 4378 561 4445 σοι.)
