2626 4792
386 191 493 271 au
553 191 874 313 tunsus
1110 196 1186 294 „at

83 381 162 431 asu
181 366 341 452 ponitur,
366 366 413 430 ita
433 369 468 429 in
484 365 560 432 aliis
574 366 678 433 modo
693 390 769 434 oum
785 364 954 447 secundo,
983 366 1086 432 modo
1109 388 1187 433 cum

80 453 192 515 tertio·
231 450 368 515 'Arriam
380 452 508 516 Histor.
524 451 596 516 ind.
612 475 638 517 c.
651 458 681 519 8.
703 452 833 536 ταίτησι
845 459 917 535 (τῆς
933 457 1077 536 πλενρῆς)
1095 452 1186 520 ἀντί·
1223 454 1224 458 ’
1283 524 1286 529 ,

75 560 178 620 -τιορον
194 537 330 621 πλευρὴν
353 537 444 600 ποιίιι
463 535 522 618 τὴν
544 573 642 600 --.
684 538 775 602 idem
799 539 946 621 expedit.
966 536 1063 602 Alex.
1087 530 1143 600 liti.
1159 538 1185 601 1.

81 640 109 685 ο.
124 625 179 685 28.
193 620 361 706 ἀντίπορον
379 621 462 706 αὐτῷ
478 620 551 704 ὅρος
568 621 644 686 ἀλλο
657 622 740 687 ἐστὶν
753 620 790 688 ur}
802 633 888 703 μεῖον
907 617 1076 703 ἀπότομον.
1117 623 1186 688 Ubi

80 722 165 789 quae
186 716 283 768 notat
298 706 361 769 lac.
378 706 526 771 Gronov.
545 709 597 771 vir
616 704 657 769 cl.
672 711 731 774 vix
743 704 918 792 ·iutelligo;
946 708 992 769 ait
1010 706 1082 770 scil.
1098 708 1186 771 vici-

79 808 159 859 num
176 806 250 853 esse
263 788 428 874 ἀντίπορον
440 796 484 876 τῷ
499 788 701 876 ἀντίρροπον,
728 793 786 856 sed
800 794 1054 856 constructione
1068 791 1186 855 diver·-

81 892 172 955 ωιτη
193 876 260 937 nisi
273 874 404 940 fortean
421 894 484 959 pro
496 884 723 939 constructione
743 878 927 987 scripserat
945 877 1187 956 significatione,

80 970 280 1043 ¹‹thatrnquam
294 981 356 1024 nec
371 962 420 1023 sic
437 960 620 1042 procedet,
648 964 724 1041 quia
744 959 929 1047 ἀντιρροιιος
940 962 976 1021 in
993 959 1070 1022 loco
1084 978 1186 1041 quem

80 1042 191 1107 adtert
207 1046 353 1127 probum
371 1048 400 1108 si
414 1048 457 1107 sit
466 1093 476 1123 ,
503 1043 592 1107 idem
610 1048 726 1130 utique
740 1049 806 1110 erit
820 1045 912 1128 quod
931 1042 1113 1128 ἀντίπορος,
1141 1044 1185 1107 de
1248 1086 1252 1097 ·

75 1126 177 1193 'attius
199 1137 368 1192 structura
388 1122 514 1214 duplici
535 1128 600 1194 vid.
623 1149 707 1212 quae
731 1133 905 1196 observavi
924 1128 966 1191 ad
986 1128 1055 1194 Hes
1082 1129 1133 1190 ch.
1153 1149 1185 1195 v.

80 1210 276 1300 ἀντίπρωροι.
303 1212 423 1294 Neque
442 1212 540 1275 aliter
555 1211 642 1277 solet
658 1219 808 1279 construi
824 1212 1018 1302 ἀντίρροπος.
1076 1211 1185 1277 ristid.

82 1296 176 1361 Tom.
191 1298 216 1359 i.
230 1320 262 1383 p.
275 1300 346 1361 374.
361 1298 466 1382 γίνοος
482 1296 582 1378 ὄνομα
597 1297 784 1384 ἀντιρρόπνυ
797 1307 898 1365 πᾶσιν.
922 1309 1003 1385 etp.
1018 1302 1090 1371 277.
1105 1292 1186 1361 πό·-

75 1380 337 1468 ’ἀοςάιτίρροπος
355 1388 400 1469 τῷ
420 1382 570 1469 προτέρην.
600 1385 691 1467 quod
710 1398 792 1448 noto
813 1386 994 1472 praecipue
1010 1383 1052 1444 ob
1071 1379 1206 1446 Schol.·
1256 1448 1259 1453 ,

83 1466 256 1533 Demosth.
272 1465 496 1553 adolyntht.
512 1468 595 1553 p.5.‚
612 1475 707 1533 cuius
723 1492 765 1533 ex
781 1479 964 1557 praecepto
978 1478 1108 1530 tantum
1122 1488 1185 1551 ge-

82 1554 222 1616 nitivum
239 1556 344 1636 regit,
366 1548 535 1638 ἰσόρροπον
549 1553 713 1618 dativum:
741 1554 832 1620 conf.
850 1555 943 1618 Suid.
959 1562 992 1616 et
1013 1552 1051 1613 H.
1066 1548 1183 1637 Stepb.
1223 1616 1226 1621 ,

82 1634 192 1701 Thes.-
238 1636 432 1701 Secundum
457 1656 568 1700 casum
588 1660 631 1701 ex
650 1650 763 1703 mente
779 1637 892 1704 Schol.
911 1638 1005 1701 addit
1020 1634 1124 1721 Soph.
1147 1638 1184 1696 in

83 1718 204 1784 Eleotr.
218 1741 268 1786 vs.
291 1725 360 1785 119.
380 1720 478 1804 λίπης
496 1719 681 1807 ἀντίρροπον
703 1723 812 1807 ἀχθος.
861 1724 991 1787 Verum
1012 1722 1183 1783 dimittere

82 1824 210 1955 οιριιοο
227 1804 244 1895 ΙΙ
258 1805 344 1871 illud
359 1806 493 1870 Arriani
514 1811 549 1870 in
571 1809 628 1871 lib.
646 1809 704 1873 lv.
721 1831 797 1893 exp.
813 1805 912 1885 Alex,
930 1829 957 1870 c.
967 1810 1018 1869 27.
1033 1802 1181 1890 ηηλόφος,
1192 1819 1243 1873 165

83 1888 114 1965 ὃς
140 1919 170 1974 ,ν
187 1891 373 1979 ἀντίρροπος
393 1898 449 1954 τοῦ
464 1898 527 1956 τῶν
540 1890 735 1956 Μακεδόνων
753 1892 973 1977 στρατοπίάοο.
1010 1891 1182 1972 quomodo

85 1978 286 2062 ascriptum
307 1977 444 2060 reliquit
458 1989 597 2052 auctor,
630 1976 831 2056 manifesto,
859 1989 897 2040 ut
911 1976 1000 2052 dixi,
1029 1975 1185 2037 adhibuit
1247 2018 1252 2029 .

84 2080 142 2145 pro
162 2059 345 2147 ἀντίπορος,
379 2061 469 2146 quod
494 2077 571 2124 cum
592 2060 681 2125 baud
702 2062 941 2147 videaturpati
963 2059 1056 2125 verbi
1074 2060 1184 2141 notio,

86 2162 161 2227 quae
182 2166 248 2233 pro
275 2150 323 2210 rie
343 2159 394 2213 est
410 2151 545 2230 pondere
565 2153 737 2232 aeqrcaliter
757 2169 901 2226 erogent,
940 2154 973 2206 et
991 2144 1072 2206 hino
1088 2166 1184 2229 aeque

84 2236 213 2315 pollens,
265 2254 283 2295 e
303 2240 378 2296 colle
396 2253 463 2315 quo
475 2243 575 2318 pacto
590 2248 753 2314 usurpare
766 2233 918 2318 potuerit
934 2241 1111 2315 castrorum
1124 2246 1184 2291 re-

86 2328 195 2401 spectu
214 2337 283 2381 non
302 2318 420 2392 video,
446 2319 513 2381 nisi
532 2317 687 2382 adsumas
704 2319 740 2379 in
761 2318 873 2382 verbis
890 2319 947 2380 τοῦ
958 2308 1184 2383 attritionib-

86 2420 139 2465 των
153 2403 369 2491 στραποπίδοο
384 2402 500 2464 itidem
512 2397 670 2487 γηλόφου,
693 2399 758 2464 hoc
775 2412 817 2464 ut
832 2402 933 2479 dicat,
955 2395 1184 2475 Macedonum

89 2498 186 2551 aura
203 2490 239 2549 in
261 2486 348 2550 colle
367 2507 471 2570 aeque
493 2487 586 2550 edito
608 2487 715 2549 fuisse
735 2486 863 2562 locata,
894 2483 1064 2566 quomodo
1084 2483 1183 2564 πίτρα

88 2564 261 2658 ὧτίπνργος
280 2575 316 2634 in
330 2570 584 2658 Eurip.Baccb.
607 2589 654 2635 vs.
674 2572 764 2635 1095.
816 2572 944 2632 Verum
964 2573 1010 2632 ita
1031 2571 1106 2651 q'uis
1126 2567 1182 2629 lo·
1234 2606 1237 2611 -

75 2659 191 2758 ,quitur
204 2664 324 2743 poeta,
344 2654 693 2741 nedum-historicus?¹
713 2669 750 2718 ut
763 2652 944 2719 vehemens
961 2651 1045 2719 mibi
1060 2656 1105 2716 sit
1118 2671 1182 2714 su·-

89 2746 205 2825 tpioto,
230 2758 263 2806 et
277 2739 333 2805 bio
347 2745 512 2825 scriptum
527 2743 567 2804 ab
580 2740 727 2804 Arriano
739 2739 845 2803 fuisse
857 2739 1032 2823 ἀντίπορος,
1055 2757 1123 2820 quo
1138 2735 1182 2799 ad

89 2816 269 2913 {templum
280 2825 546 2912 Xenophontis,
580 2827 720 2888 iambis
744 2824 855 2887 fuerat
874 2843 965 2889 usus.
1022 2820 1183 2887 Ceterum

87 2904 193 2997 ίπρρη
211 2909 320 2997 χώραν
340 2931 441 2989 sensu
458 2910 576 2974 eodem
591 2913 706 2994 posuit
720 2909 837 2993 Eurip.
851 2908 974 2971 Troad.
991 2925 1036 2972 vs.
1052 2910 1126 2969 220.
1146 2915 1183 2968 et

85 2988 307 3082 ίτιίπορθμος,
336 2995 427 3080 quod
443 3017 487 3059 ex
499 2996 665 3058 Strabone
682 2995 838 3057 observat
852 2991 1067 3069 Gronovius,
1090 2989 1196 3068 idem,

84 3072 177 3146 tabet
196 3085 268 3147 lon.
283 3101 330 3147 va.
349 3081 440 3145 1586.
484 3079 625 3143 Lucian.
644 3082 680 3140 in
701 3076 835 3164 Lapith.
849 3098 879 3160 p.
899 3079 970 3139 860.
1010 3075 1181 3160 Lycopbr.

82 3180 122 3233 tt.
140 3170 231 3231 1071.
252 3178 286 3229 at
310 3169 402 3230 1868.
423 3186 487 3228 neo
509 3185 577 3226 non
598 3160 727 3226 Aelian.
753 3162 794 3225 de
815 3162 924 3223 Anim.
945 3159 1003 3223 lib.
1026 3161 1064 3222 V.
1087 3181 1114 3222 c.
1130 3161 1182 3222 66.

79 3244 176 3331 extr.','
190 3254 289 3315 ouius
303 3271 435 3334 quoque
451 3262 502 3314 est
516 3248 575 3312 lib.
591 3249 631 3311 ll.
647 3268 675 3310 ο.
692 3248 741 3311 46.
756 3246 945 3329 ἀντίπρωροι·
957 3244 1002 3323 (οἱ
1013 3241 1121 3327 γίπις)
1136 3247 1183 3309 rui
1197 3280 1202 3290 ·

76 3332 155 3423 νίτιρ
168 3335 324 3411 πίτονται,
347 3357 429 3420 quae
443 3335 584 3417 totidem
598 3334 708 3399 verbis
721 3330 878 3416 leguntur
893 3306 1182 3416 apudTbtophyi.

75 3416 214 3569 ssuaest.
235 3419 336 3522 Phys.
358 3443 387 3486 c.
403 3420 488 3482 Vlll.
541 3417 625 3483 Add.
648 3416 798 3504 Oppian,
812 3416 851 3478 11.
875 3414 1001 3501 Cyneg.
1015 3433 1060 3479 vs.
1075 3417 1125 3479 54.
1148 3427 1183 3477 et

103 3508 194 3593 urip.
218 3509 254 3567 in
267 3505 390 3569 biectr.
407 3525 452 3571 vs.
470 3506 541 3568 846.
592 3503 744 3566 Verbum
765 3499 953 3585 ἀντιρρίπιιν
974 3519 1041 3583 pro·
1061 3502 1183 3575 ἓξισοῦ·

75 3598 153 3657 σθαι
174 3602 229 3655 est
252 3592 287 3650 in
305 3588 427 3683 Aesob.
443 3589 557 3674 Agant.
581 3608 629 3656 vs.
646 3587 718 3653 582.
737 3592 806 3676 νικᾷ
825 3586 861 3651 τὸ
880 3584 1005 3670 κέρδος,
1037 3592 1128 3673 πῆμα
1146 3580 1180 3655 a?

242 3670 250 3694 (

75 3674 129 3739 νάιι
142 3674 230 3739 ἀντι’
253 3676 325 3743 ἐπει.

157 3700 251 3849 {1ng
250 3760 302 3828 76.
327 3752 526 3839 Πιζονόμαις.
541 3754 574 3822 tt
596 3780 630 3821 τε
650 3751 834 3838 θαλάσσης,
867 3752 1026 3826 πιπωθάς
1049 3750 1180 3834 ἐφέταις.
1190 3764 1240 3821 166
1309 3794 1312 3799 ·

75 3842 169 3931 Lego
193 3842 324 3909 sublata
350 3847 570 3908 distinctione
597 3867 630 3905 π.
653 3840 686 3906 ἔίι
708 3865 740 3905 τε
760 3836 929 3920 θαλάσσης
947 3835 1107 3910 πεποιθώς
1129 3836 1180 3921 ἐφ.
1194 3833 1239 3850 ‘¹‘

75 3928 146 3995 inte
193 3931 388 3992 unctionem
409 3948 545 4015 pravam
566 3948 642 3990 cum
658 3924 771 3989 Schol.
789 3938 925 3989 secutus
939 3927 1110 4003 interpres
1123 3923 1183 3985 in-

75 4027 172 4101 ierpo
187 4018 424 4079 reversionem
438 4019 482 4098 τῷ
499 4020 605 4094 copiis.
648 4010 712 4072 Per
729 4008 931 4091 ποηιανόριον
946 4004 1105 4090 intelligit
1118 4027 1183 4071 co,-

75 4102 164 4197 pias‚
185 4118 246 4185 per
261 4099 446 4179 πεζονόμοος
460 4099 508 4161 καὶ
523 4096 718 4177 θαλασσίοις
735 4096 846 4179 ἐφέτας
861 4098 1100 4175 imperatores,
1123 4095 1182 4173 qui

75 4198 161 4249 terra
188 4186 314 4266 quique
342 4186 425 4246 mari
453 4185 630 4263 utriusque
658 4184 826 4244 exercitus
855 4176 1002 4239 ducendi
1032 4187 1066 4239 et
1086 4179 1182 4258 quasi
1304 4170 1309 4179 ’

75 4270 236 4357 pascendi
255 4272 348 4347 (nam
367 4278 480 4331 manet
493 4269 529 4328 in
544 4265 755 4428 metalghom)
777 4271 872 4326 erant
890 4263 1004 4347 periti.
1060 4260 1117 4323 Vs.
1131 4263 1183 4327 70.

75 4359 131 4441 tui
142 4350 262 4423 schol.
278 4349 412 4443 Φρίξος,
432 4355 463 4420 is
477 4347 553 4421 aliis
570 4354 630 4439 Φρ,
653 4375 686 4430 ος
701 4344 931 4440 rid-Apollini·
949 4345 1009 4415 lib·
1021 4344 1046 4415 i·
1061 4364 1090 4413 a·
1105 4348 1183 4430 9291
