2626 4792
310 143 311 146 Ἴ
397 208 467 281 ΑΙ)
492 206 868 295 PROMETHEUM.
1135 210 1185 287 41

77 377 192 445 Schol.
207 382 376 463 μονονουχὶ
390 381 430 446 τὰ
444 377 567 463 πήματα
581 382 705 468 φέρεται
716 381 735 467 ἧ
748 389 840 463 ναῦς,
864 396 965 465 quam·
977 373 1096 449 'eluere
1108 384 1188 449 teti?-

76 466 188 539 tabam
204 469 386 531 scribendo
399 464 497 549 κοτή,·
527 488 648 531 vereor
657 480 793 549 tamen,
815 490 858 533 ne
872 466 962 531 aliud
977 470 1057 550 quid
1075 469 1187 553 lateat,

77 551 204 635 dequo
216 572 309 615 nunc
324 572 392 614 non
414 566 507 615 vacat
524 556 680 636 cogitare.
730 552 889 618 Ceterum
906 552 972 616 hoc
987 544 1189 639 composito,

77 639 170 699 iuxta
186 658 264 701 curn
277 633 397 720 βρήχο,
418 647 456 699 ut
467 636 601 702 videtur
616 656 631 698 a
648 637 729 720 βρήξ
746 640 850 717 (unde
864 635 1073 738 rindsspvzuin
1091 640 1187 705 llorn.

79 718 130 785 0d
154 738 204 785 ss.
217 720 257 788 E.
274 720 340 785 vid‘.
351 722 513 785 ‘Eustath
528 744 560 805 p.
570 724 641 795 228,
656 727 706 786 4¹.
726 724 833 809 [1538,
844 724 933 806 54.])
947 744 981 785 ru
993 722 1190 812 Oppian.ll.

80 804 106 867 ll
162 827 212 871 vs.
227 807 300 870 588.
315 809 414 868 ditari
431 820 543 894 potest
561 806 600 868 H.
617 806 733 894 Steph.
751 809 851 871 Thes.
868 808 908 870 L.
926 806 985 872 Gr.

162 892 222 954 Vs.
240 895 332 956 1089.
368 888 530 974 'serignano
552 889 663 975 φόβον.
709 894 804 955 Haud
824 896 873 954 ita
889 891 1070 956 absurdum
1090 893 1190 956 vide-

81 984 133 1037 tur
146 969 265 1063 φόνον,
286 995 370 1059 quae
386 974 628 1040 nonnullorum
645 978 798 1040 codicum
814 988 865 1041 est
879 981 1064 1062 scriptura,
1083 979 1189 1042 modo

81 1062 265 1147 accipiatur
277 1066 504 1148 comparative
518 1059 694 1125 intellecto
708 1060 766 1138 ὥς,
795 1082 915 1127 sensus
930 1065 996 1124 erit
1011 1068 1136 1145 perinde
1150 1087 1190 1127 αο

82 1151 170 1293 ῗωοὲε
190 1152 452 1297 υἱῑὲοέδοοοῐοαε,
487 1146 709 1230 quod'tamen
735 1149 887 1231 nequibit
907 1142 1039 1213 scilicet
1058 1148 1125 1214 vid.
1139 1166 1188 1216 vs.

554 1387 633 1456 Cur.
655 1392 711 1455 Xl.
893 1462 896 1471 Ι
1136 1474 1139 1478 λ

159 1518 424 1607 inscripseritne
437 1518 625 1611 Aeschylus
644 1520 807 1598 fabulam,
836 1540 935 1603 quam
950 1529 963 1599 Η
980 1520 1059 1584 hinc
1073 1524 1231 1609 ingre-68

85 1604 191 1669 dimur
208 1602 310 1671 Ἑπτὰ
330 1606 379 1670 ἐπὶ
400 1604 520 1690 Θήβαις
529 1657 544 1687 ,,
567 1628 608 1670 an
635 1605 747 1690 Θήβας
775 1608 915 1670 dubium
940 1619 1008 1683 est,
1043 1616 1190 1691 utroque

86 1710 149 1755 eam
161 1692 271 1754 modo
284 1688 498 1779 laudantibus
517 1694 680 1775 antiquis,
710 1693 800 1777 quod
823 1694 889 1755 iam
912 1694 1135 1759 observarunt
1149 1697 1191 1759 H.

86 1772 277 1863 Stephanus
291 1788 324 1840 et
337 1775 519 1841 'Stanleius
562 1778 811 1853 Grammaticis,
834 1780 890 1860 qui
907 1779 955 1841 ἐπὶ
967 1775 1077 1857 Θήβας
1089 1799 1193 1864 prae-

85 1856 209 1939 ierunt,
250 1863 352 1955 adgre
376 1864 482 1925 andus
509 1861 645 1928 videtur
665 1862 854 1950 Hesychius
881 1865 915 1922 in
941 1884 969 1923 v.
994 1860 1130 1942 liddmoa
1148 1866 1192 1946 *).

86 1944 182 2010 Addit
204 1946 247 2008 H.
268 1883 385 2033 steph.
405 1946 534 2010 nullam
561 1970 654 2036 spem
681 1968 754 2011 esse
775 1952 834 2012 isti
847 1946 907 2010 liti
930 1950 1193 2034 componendae,

87 2030 188 2095 donec
203 2034 318 2119 ipsum
333 2032 536 2121 Aeschylum
555 2040 662 2111 nactis
677 2038 889 2118 interrogare
903 2051 969 2092 non
984 2030 1091 2095 liceat.
1121 2034 1195 2098 Ve-

88 2132 155 2179 reor
177 2136 244 2199 ego
265 2138 307 2179 ne
331 2120 460 2184 etiamsi
485 2119 643 2183 reducem
668 2118 845 2183 consulere
864 2116 984 2180 liceret
1004 2137 1067 2181 nos
1089 2137 1193 2201 aeque

84 2200 233 2267 incertos
248 2204 426 2281 relicturus
439 2206 501 2283 sit,
523 2205 825 2290 postulaturusque
843 2224 940 2269 suum
958 2204 1022 2266 sihi
1037 2216 1194 2290 autogra-

83 2282 206 2369 phum,
236 2298 293 2350 aut
312 2288 463 2350 codicem
483 2292 554 2352 eius
569 2294 685 2354 aetatis
706 2288 857 2354 exhiheri
867 2336 877 2368 ,
904 2286 957 2353 vel
975 2286 1094 2351 saltem
1112 2301 1193 2353 tan-

82 2380 149 2434 tum
165 2374 234 2437 sihi
249 2373 352 2435 tribui
372 2373 579 2459 concedique
593 2379 773 2461 temporis,
795 2376 886 2459 quod
902 2371 1090 2437 evolvendo
1105 2394 1193 2463 ope-

82 2474 157 2517 rum
182 2457 276 2539 quod
299 2473 452 2543 superest
467 2466 557 2524 satis
578 2465 640 2539 sit,
669 2472 706 2523 ut
721 2460 831 2525 videat
848 2463 941 2546 prius
961 2480 1059 2542 quem
1076 2480 1191 2523 cusum

79 2538 298 2624 frequentare
312 2542 473 2620 soluerit,
495 2565 593 2627 quam
612 2548 785 2610 adfirmare
801 2548 939 2622 audeat,
962 2557 1040 2605 utro
1053 2545 1190 2607 titulum

104 2624 293 2706 raefixerit3
330 2632 415 2692 adeo
437 2634 619 2714 promiscui
638 2652 718 2697 usus
738 2641 789 2694 est
809 2642 950 2712 utraque
972 2634 1191 2693 constructio

80 2646 125 2775 ht
138 2717 411 2796 quotusquisque
425 2712 479 2782 vel
497 2717 692 2782 brevissima
708 2717 941 2778 intercedente
959 2718 1122 2800 temporis
1137 2718 1192 2776 in-

82 2799 297 2885 tercapedine
309 2800 482 2862 recordari
496 2797 621 2879 valeat,
648 2816 727 2866 utro
739 2800 842 2863 modo
856 2798 1028 2883 quidpiam
1044 2805 1193 2884 scripse-

83 2884 144 2961 rit,
166 2884 259 2964 quod
274 2884 339 2948 hoc
356 2883 456 2950 illove
470 2904 575 2968 aeque
594 2900 686 2951 recte
698 2886 767 2965 fieri
784 2881 921 2971 potest?
943 2883 1118 2947 Postrema
1133 2884 1195 2948 de-

84 2968 218 3052 tegendi
232 2972 283 3034 via
298 2971 395 3034 nohis
412 2991 488 3034 curn
501 2981 629 3058 pateat,
656 2970 720 3036 hac
736 2975 821 3035 duce
843 2989 1043 3057 progressus
1058 2972 1194 3037 invenio

86 3055 221 3116 tertium
241 3074 321 3139 prae
341 3069 463 3139 quarto
485 3077 564 3119 casu
581 3063 709 3120 auctori
726 3057 913 3144 placuisse3
940 3074 1008 3137 quo
1026 3055 1110 3116 adeo
1124 3059 1194 3117 cri-

88 3142 172 3201 terio
192 3143 351 3207 standum
373 3142 401 3203 si
417 3145 479 3220 sit,
506 3154 539 3203 et
552 3142 671 3227 quidni
692 3143 812 3220 fuerit,
847 3141 1031 3204 secundnm
1048 3136 1126 3204 illos
1138 3142 1194 3203 iu-

90 3220 200 3288 dicare
214 3224 302 3301 haud
318 3225 530 3306 addubitem,
559 3231 616 3311 qui
638 3228 685 3291 ἐπὶ
704 3225 824 3308 Θήβαις
844 3221 983 3289 titulum
996 3223 1116 3288 tulisse
1130 3246 1195 3313 vo-

88 3304 167 3373 lunt.
211 3308 323 3395 Supra
337 3314 371 3373 in
388 3310 499 3373 Prom.
523 3331 568 3375 us.
588 3313 678 3375 1088.
703 3312 748 3377 ἐπ’
771 3313 838 3393 ἐμοὶ
853 3308 928 3396 ῥιπὴ
948 3311 1124 3390 στείχουσα.
1156 3312 1193 3371 in

90 3392 114 3455 d
152 3415 197 3456 m.
212 3415 259 3459 vs.
278 3397 328 3459 61.
342 3395 388 3460 ἐπ’
396 3393 593 3484 Ἀλεξάνδρῳ
609 3397 728 3476 πέμπει,
750 3406 783 3460 et
796 3417 842 3460 vs
860 3392 1194 3479 370.ἐη’Ἀ1οξάαορῳ

91 3412 220 3545 οἴονται
235 3477 336 3556 τόξον.
381 3480 460 3545 Scio
475 3484 616 3565 quidem,
626 3480 883 3548 adversus-haec
897 3487 909 3554 ΙΙ
926 3478 1000 3542 loca
1015 3499 1192 3564 argumen-
1203 3497 1237 3551 09

93 3572 153 3627 turn
169 3585 272 3650 posse
289 3568 362 3651 capi
384 3587 427 3628 ex
443 3586 500 3650 eo,
530 3568 622 3652 quod
635 3569 791 3634 videatur
805 3568 1014 3653 praepositio
1026 3562 1194 3648 iungenda

94 3652 206 3728 verbo,
242 3650 332 3713 unde
351 3664 413 3740 pe'r
437 3659 559 3719 tmesin
583 3664 635 3718 est
659 3651 789 3731 avulsa,
832 3654 981 3733 adeoque
1011 3653 1195 3712 rectionem

94 3732 180 3798 iatam
195 3756 266 3799 non
281 3733 387 3801 solius
408 3757 482 3802 esse
498 3741 777 3828 praepositionis,
806 3735 866 3800 sed
888 3738 982 3802 verbi
1005 3735 1194 3815 compositi,

94 3823 170 3883 utin
184 3819 369 3903 Evangelio
383 3821 452 3885 loh.
470 3844 497 3886 o.
519 3824 605 3886 Vlll.
622 3843 668 3888 vs.
684 3827 713 3886 7.
736 3819 792 3887 τὸν
805 3826 898 3886 λίθον
910 3821 956 3885 ἐπ’
972 3819 1051 3901 αὐτῇ
1063 3818 1193 3898 βαλέτω,

96 3900 152 3967 Sed
169 3909 235 3968 erit
252 3909 344 3969 omni
369 3909 493 3972 robore
512 3910 728 3990 destitutum,
756 3909 921 3990 siquidem
942 3925 1009 3966 non
1030 3907 1140 3965 minus
1158 3907 1195 3964 iu

96 3986 308 4079 inscriptione
327 3994 375 4056 ἐπὶ
397 3992 508 4077 Θήβας
529 3994 581 4058 vel
599 3988 721 4077 Θήβαις
741 3993 885 4077 intelligi
906 3992 1006 4053 debet
1021 3983 1196 4072 στρατευό-

97 4096 184 4152 μοοι,
210 4094 269 4141 aut
294 4076 416 4143 similis
437 4084 615 4166 potestatis
641 4080 869 4167 participium.
922 4071 1055 4137 Deinde
1078 4072 1195 4138 eadem

98 4232 310 4249 Ξ--ι--ι-

122 4320 150 4391 *)
167 4323 259 4391 Iunge
278 4323 374 4375 Tacta.
392 4315 466 4377 Chil.
484 4324 534 4377 lv.
556 4322 672 4380 vesti.
696 4281 742 4378 itt
763 4318 878 4385 delion,
890 4288 925 4374 v,
942 4320 977 4373 H.
995 4317 1046 4373 lib.
1060 4318 1109 4371 IV.
1132 4331 1159 4370 c.
1171 4315 1198 4374 5.

153 4394 267 4448 radant
283 4394 367 4450 codd.
404 4394 508 4464 [ΑΘΒ.
520 4411 547 4466 p.
565 4393 638 4463 dih]
