2626 4792
188 238 192 255 ·
299 209 367 282 Au
391 206 594 309 seuseu
620 213 660 291 e.
682 211 893 292 nunnus.
1098 216 1148 294 σι

69 384 129 451 80.
148 379 354 465 ’διωκόμεσθα
373 384 424 451 ἐπὶ
445 407 491 470 σφ
532 382 578 461 dc.
623 383 754 454 Aelian.
776 387 820 452 de
839 389 952 455 Anien.
972 386 1032 456 lib.
1047 389 1104 458 vt.
1119 412 1147 457 ο.

69 469 148 535 1.·ὀδ
167 469 336 552 δηχθέντες
358 465 411 534 διδ
438 411 579 536 deisolius
600 470 645 537 οδ
672 470 845 556 περαιτέρω
872 478 976 554 βιοῦσι
997 473 1148 561 τετάρτης

69 574 139 639 ρας,
158 554 290 641 πνιγμὸς
304 555 339 620 δὲ
352 553 470 630 uitulo
482 556 534 619 καὶ
548 555 696 641 σπασμὸς
708 554 810 623 διάκει
823 558 876 623 καὶ
894 555 1020 646 λαγμάς.
1058 561 1148 626 llinc

69 658 141 703 trro
151 652 268 718 notat,
288 662 411 721 ungere,
455 645 557 719 ettere,
576 641 716 747 supere:
746 652 864 706 noster
876 644 912 706 in
931 640 1084 732 Choeph.
1097 664 1148 711 vs.

69 728 105 791 tl.
122 721 227 809 φόβος
240 733 329 801 κινεῖ,
352 747 501 809 ταρασσει
515 727 566 788 καὶ
579 727 720 791 διωκεται
732 722 852 801 πόλεως
859 725 1048 816 χαλκηλάτῳ
1063 727 1146 795 πλά-

69 832 131 894 ιγγι
149 810 311 891 λυμανθὲν
334 809 438 891 δέμας.
480 808 597 897 Eurip.
614 811 685 874 lon.
707 830 756 877 vs.
779 815 870 876 1169.
893 811 974 888 Ἕως
991 811 1148 880 διώκουσα

69 918 144 977 opo.
186 895 290 983 δορὴ.
308 891 433 960 Electr.
448 914 496 962 vs.
510 897 584 959 877.
605 891 659 981 ὑφ’
681 891 795 979 ἡδονῆς
815 893 966 979 διώκομαι
983 908 1068 948 -’-
1088 900 1147 968 miv

69 1004 116 1063 χει
128 985 270 1060 polein?
288 978 407 1086 Eurip³
419 976 656 1087 lphig3Aul‘id.
670 1000 718 1046 vs,
735 982 807 1047 684.
825 980 917 1047 παάω
936 981 1012 1061 τοὺς
1025 975 1146 1071 λόγους,

69 1063 1147 1232 §.tillidi..llildtilltllilniiiflllllitlldlz

69 1240 178 1300 ruendi
188 1233 430 1320 significatione
443 1252 551 1319 pauca
567 1236 690 1298 subiun
715 1255 747 1300 o.
790 1234 904 1325 Eurip.
921 1239 992 1302 loo.
1007 1258 1055 1304 vs.
1071 1240 1144 1302 205.

69 1315 826 1480 κεκαειιιανωκικεν
844 1321 1080 1472 ιαμ

69 1490 161 1573 erod.
176 1486 236 1553 lib.
244 1489 315 1552 Vll.
333 1508 364 1555 o.
381 1491 450 1554 140.
473 1428 749 1574 σνριηγενὲςςάρμα
766 1453 899 1571 δίωκων,
921 1503 960 1556 ut
976 1430 1146 1559 nostelln

69 1593 125 1640 ers.
148 1592 198 1639 vs.
215 1570 266 1638 84.
290 1572 405 1660 Σύριον
424 1570 511 1657 ἅρμα
531 1572 659 1639 διώκων.
688 1585 722 1638 et
741 1572 929 1642 διάκειντδν
942 1577 1040 1644 ἵππον
1060 1581 1156 1643 dixit'
1250 1645 1252 1650 ,

69 1656 159 1725 :hill
169 1659 242 1723 Tat.
250 1658 306 1753 lilt.
315 1660 339 1723 l.
351 1680 384 1747 p.
392 1659 442 1723 46.
454 1658 502 1744 [Ρ.
513 1661 562 1736 18,
575 1662 623 1723 18.
631 1659 710 1745 lao]
723 1669 761 1723 ut
774 1660 896 1746 δίωγμα
906 1659 1019 1728 πάλων
1032 1661 1148 1748 πτηνόν

69 1749 150 1847 erip.
160 1748 195 1807 in
205 1742 316 1809 Orest.
325 1764 371 1809 vs.
380 1746 465 1819 991.‚
502 1743 569 1806 uod
585 1745 707 1830 δρέπειν
719 1745 817 1808 innon
828 1745 920 1830 apud
932 1747 1027 1824 alios,
1045 1761 1083 1812 ut
1097 1753 1149 1816 vi-

69 1829 300 1896 timusinfra.
341 1764 507 1895 tuischol.
525 1832 641 1913 priore
657 1831 700 1892 ad
718 1849 765 1896 vs.
776 1830 827 1894 88.
841 1829 898 1894 lin.
913 1835 944 1896 3.
963 1829 986 1894 l.
1000 1835 1128 1919 τρέχων.

115 1947 177 2011 Vs.
195 1944 247 2008 95.
271 1943 439 2021 Ποτιπάσω
460 1943 557 2029 βρέτη
578 1946 602 2010 1.
617 1965 646 2008 e.
664 1943 749 2010 πέσω
766 1970 789 2007 π
811 1943 972 2030 δςβρίτη,
1006 1958 1045 2011 ut
1062 1949 1157 2012 inira.

69 2077 78 2095 .
95 2033 171 2121 191.
190 2030 286 2115 βρέτη
302 2027 457 2106 πεσούσας
472 2026 560 2116 πρός.
603 2028 721 2116 Eurip.
735 2031 770 2092 in
789 1969 917 2093 l²lioen
931 2050 979 2098 vs.
996 2034 1068 2097 300.
1091 2057 1151 2120 yo-

69 2123 172 2190 πετεῖς
189 2115 283 2200 ἕδρας
303 2113 493 2198 προσπιτνῶ.
533 2126 566 2179 et
588 2131 634 2189 νε.
651 2117 724 2179 931.
745 2115 780 2178 τί
796 2125 993 2200 προσπιτνεῖς
1008 2141 1057 2198 με.
1102 2117 1150 2186 Ut

69 2207 174 2267 cidere
191 2196 227 2263 iu
250 2197 633 2276 Plaut.stich.1,2,81.
651 2205 727 2263 milti
747 2211 898 2283 paternae
916 2210 1000 2265 vocis
1020 2209 1143 2266 sonitus
1262 2204 1265 2213 '

69 2278 124 2379 ρῖο
138 2290 266 2350 oceidit.
310 2282 437 2371 Spanh.
451 2285 494 2349 ad
506 2283 681 2371 Aristoph.
698 2281 847 2350 Plutus.
861 2289 1047 2351 tom-citat
1060 2288 1145 2353 πέσω

69 2369 148 2454 tien,
180 2379 214 2434 et
230 2368 376 2455 intelligi
396 2374 443 2434 ait
463 2367 543 2454 πρός
549 2418 560 2450 ,
590 2371 648 2454 qui
662 2388 760 2433 error
773 2380 826 2433 est
840 2368 1049 2451 festinantiS,
1083 2393 1148 2437 neo

69 2455 241 2521 tendentis
256 2457 292 2517 in
307 2473 409 2520 versu
422 2454 640 2541 praecedenti
655 2450 721 2539 legi
735 2456 816 2520 ποτί.

91 2582 97 2629 ἴ
117 2571 179 2635 Vs.
199 2576 270 2641 102.
295 2571 391 2661 ’Λμφλ
403 2570 492 2638 λιτάν
505 2570 621 2651 ἵξσμεν.
643 2571 756 2636 Mirus
772 2590 887 2634 nonne
901 2580 1023 2658 stupor
1035 2591 1149 2658 gram·

69 2662 254 2739 eticorum,
291 2661 350 2741 qui
381 2678 449 2721 noo
477 2656 712 2722 intellexerint
737 2655 813 2738 ἔχειν
832 2653 926 2740 άμηίΙ
945 2676 1006 2720 seu
1028 2659 1101 2743 περί
1117 2681 1149 2721 τι

69 2742 125 2809 iud
142 2761 261 2808 omnes
277 2746 462 2830 scriptores
478 2736 603 2807 obvia?
641 2741 784 2806 Luciani
803 2739 916 2820 locuS,
945 2762 1043 2824 quem
1063 2746 1147 2807 citat

69 2825 150 2893 διαὶ
170 2838 264 2892 extat
277 2830 320 2893 rin
332 2827 494 2919 Necyom.
514 2848 546 2912 p.
561 2828 633 2892 330.
656 2827 698 2912 [c.
715 2831 745 2891 7.
769 2824 836 2891 vol.
852 2826 878 2905 l,
896 2847 928 2910 p.
944 2826 1033 2910 466]
1055 2827 1148 2890 unde

70 2913 176 2997 eleg.
198 2913 341 2996 εὕρομεν..
376 2912 520 2977 Interim
538 2916 691 2995 quamvis
706 2908 762 2991 δύο
773 2930 952 2998 perperam
968 2913 1148 2979 existima·
1252 2967 1258 2989 Ι,

69 3008 104 3061 nt
128 2997 266 3080 quidam
292 2997 368 3080 ἔβηειν
388 3017 451 3084 pro
471 2995 598 3080 licentiae
618 2998 789 3082 positum,
803 3050 806 3056 .
822 3007 873 3059 est
892 3006 1007 3057 tamen
1025 2998 1083 3058 ubi
1101 2999 1148 3058 ita

69 3078 223 3149 lhlbitum
246 3085 412 3160 occurrit,
447 3094 485 3146 ut
506 3086 541 3144 in
561 3080 676 3164 Agem.
698 3097 744 3143 vs.
764 3079 835 3142 198.
867 3081 1028 3155 Χαλκίδος
1050 3080 1147 3165 πέραν

69 3192 110 3234 ων
122 3166 330 3255 παλιρρόθσις
346 3169 379 3233 ἐν
392 3165 534 3240 Αὐλίδος
545 3163 659 3240 τόποις.
689 3173 723 3228 et
737 3161 842 3249 Soph.
856 3164 944 3231 Oed.
961 3163 1081 3230 Colon.
1097 3184 1145 3230 vs.

69 3255 239 3337 191.·γνοδς
260 3255 318 3336 τὴν
335 3258 498 3338 παροῦσαν
518 3249 646 3333 τέρψιν,
674 3237 714 3334 ἧς
731 3245 808 3332 εἶχες
828 3246 932 3313 πάλαι.
963 3249 1068 3313 'Idem
1080 3269 1146 3314 usu

69 3341 125 3401 uit
151 3342 188 3400 in
208 3341 320 3405 verbis
349 3336 581 3424 compluribus
603 3330 694 3398 aliis:
729 3336 778 3417 sic
799 3336 961 3414 προδοῦσα
981 3338 1017 3397 in
1040 3333 1145 3423 Soph.

69 3424 122 3487 tac.
138 3441 188 3491 ve.
199 3427 291 3489 1287.
305 3424 400 3488 ναίειν
412 3441 460 3487 vs.
474 3421 544 3501 604.
554 3417 570 3509 Η
595 3417 694 3485 Coni.
710 3415 864 3483 Eustath.
879 3420 921 3483 ad
930 3416 968 3482 ll.
977 3421 1016 3494 B.
1030 3442 1062 3507 p.
1071 3424 1186 3496 231‚87

69 3508 188 3594 t[306‚
206 3511 256 3575 18.
271 3509 328 3594 [1.]
344 3520 379 3574 et
396 3505 521 3594 Spanh.
537 3505 581 3570 ad
600 3500 733 3573 Gallim.
748 3500 863 3594 hymn.
878 3507 915 3568 in
928 3504 997 3574 Iov.
1007 3524 1056 3573 vs.
1070 3503 1123 3569 55.

465 3660 467 3665 Ι
487 3711 567 3780 Cer.
588 3711 679 3778 XIV.
769 3759 775 3771 .

114 3849 180 3921 Vs.
194 3852 266 3914 106.
294 3845 388 3910 Fons
400 3836 504 3929 'quem
525 3830 641 3909 Schol.
654 3839 693 3905 A.
709 3835 884 3924 Ἀρητιάδα
897 3842 1016 3912 vocat,
1044 3827 1147 3897 elteri

69 3932 279 4020 1Ἅρειτράς;
312 3929 408 3994 addit
431 3950 494 3995 ceu
513 3939 652 4017 etymon
666 3936 828 4011 tangens,
855 3922 896 4005 ἢν
914 3918 931 3985 ὅ
946 3917 988 3985 ’Ἀ
1008 3942 1046 4001 ης
1059 3927 1152 4003 τηρεῖ

69 4022 260 4103 [ἐπισκοπεῖ.
304 4013 421 4101 Steph.
437 4013 521 4100 Byz.
537 4022 591 4078 est
599 4010 714 4098 Ἀρεία,
731 4028 880 4091 quocum
892 3942 1144 4089 facitlpollod.

69 4127 89 4171 ι.
103 4106 162 4170 lll.
177 4129 205 4171 c.
218 4111 248 4169 1.
270 4103 452 4170 διασοαεια
468 4099 646 4165 custodem
660 4098 692 4160 ei
709 4094 884 4180 adponens
896 4089 1007 4154 Marte
1021 4097 1142 4152 satum.

69 4188 161 4278 ρήνην
182 4201 349 4255 memorat
365 4185 504 4266 suidas,
534 4187 631 4248 cuius
653 4182 803 4266 regionis
816 4173 905 4242 silet.
954 4174 994 4236 ln
1006 4172 1143 4239 Arriani

69 4296 106 4343 ιτ.
128 4298 164 4364 p.
184 4281 231 4342 17.
252 4272 396 4341 insulam
415 4267 558 4357 legimus
586 4268 686 4332 Ponti
709 4257 947 4348 Ἀρῥηντιάδα,·
974 4256 1035 4323 sed
1057 4275 1142 4340 quae

69 4364 156 4428 »inor
168 4366 297 4428 rectius
308 4351 453 4447 Ἀρητιάς
465 4356 555 4424 dicte
570 4346 733 4500 Apollo&
744 4350 855 4499 {nou
869 4343 925 4410 lib.
934 4343 978 4411 ll.
992 4360 1039 4411 vs.
1051 4344 1141 4407 1033.
