2626 4792
395 142 865 269 'Auimusne
984 156 989 169 ’
1109 197 1181 272 αν

156 367 213 430 Vs,
228 365 299 431 934.
336 363 425 431 Ἀσία
443 364 537 446 χθὼν
558 399 642 413 ---
663 366 710 428 ἐπὶ
731 363 806 450 γόνυ
828 366 970 430 trinium.
1015 365 1181 432 Herodot.

75 450 127 517 iiii.
143 452 198 513 Vl.
222 471 251 515 c.
266 452 316 513 28.
336 448 417 530 μετά
439 451 594 514 δὲταῦτα
616 445 635 530 ἦ
658 451 813 531 ναυμαχίη
832 447 1036 531 ὑπολαβοῦσα
1056 453 1088 524 ἒς
1106 450 1180 539 γόνυ

75 536 128 619 τὴν
149 533 418 616 πό1ονέ11αλε1).
474 535 512 596 lu
528 532 642 598 Schol.
666 535 707 596 ad
728 553 773 598 νε.
792 538 863 599 929.
886 533 945 597 lin.
962 537 990 597 0.
1013 535 1045 598 1.
1057 535 1181 622 ἔκφυσις

75 640 115 687 rs
132 623 212 685 932..
228 617 327 683 lint.
347 615 519 700 ἀπέκοψαν.
555 629 593 683 et
608 618 668 683 lin.
684 623 714 682 8.
737 616 862 703 Ἀοιάς;
895 622 960 684 nisi
981 623 1055 703 quis
1074 619 1179 698 Ἀσίας

75 724 228 793 proceru
249 700 369 767 habeat
384 703 544 769 secundo.

152 820 213 887 Vs.
229 820 302 885 957.
329 821 453 901 Νυχίαν
468 817 571 886 πλάκα
591 818 788 911 ηερσάμενος.
832 818 887 885 Ad
904 812 1191 912 naves'submerss

75 920 120 973 us
135 906 204 971 hoc
224 904 440 971 referendum
463 908 549 970 bene
565 907 650 971 vidit
671 907 887 971 doctissimus
905 906 1092 986 d’Arnaud,
1119 930 1181 971 ne-

110 994 133 1057 'e
151 991 254 1055 aliter
268 1010 345 1053 ecce
372 994 440 1054 isse
457 991 588 1054 credam
606 988 721 1054 Schol.
741 1010 840 1076 quem
862 1004 895 1056 et
910 990 975 1057 vid.
989 991 1031 1054 ad
1047 1011 1092 1057 vs.
1108 997 1179 1058 780.

75 1010 177 1163 iiiios)
206 1097 283 1140 cum
310 1012 433 1138 suidat
461 1072 651 1161 Aeschylus
680 1072 875 1157 δυσδαίμονά
895 1075 922 1140 τ’
950 1074 1047 1140 ἀκτάν
1071 1076 1240 1142 simile289

75 1162 267 1245 tdiunctum
291 1159 500 1246 patheticum
516 1160 650 1224 videtur
671 1165 851 1235 convenire
864 1167 909 1248 τῷ
924 1157 1027 1233 utrina
1035 1191 1046 1244 ,-
1082 1159 1181 1246 quale

75 1264 145 1311 mm
164 1250 211 1311 sit
229 1248 354 1326 νυχίαν,
382 1250 597 1308 mutarenori
619 1249 737 1310 ausim.
790 1247 866 1310 Hoc
879 1249 991 1309 minus
1011 1247 1102 1328 quod
1118 1268 1180 1310 ex-

75 1334 150 1417 poni
171 1333 282 1415 possit
304 1329 519 1409 profundum,
555 1340 594 1390 ut
615 1325 704 1412 νάχια
717 1329 817 1416 ἀντρα
829 1335 864 1395 in
879 1330 996 1416 Eurip.
1013 1332 1179 1406 Androm.

75 1436 112 1481 ts.
130 1417 227 1481 1224.
245 1412 353 1496 χθόνα
371 1415 477 1495 νυχίαν
494 1417 530 1476 in
553 1412 659 1500 lphig.
676 1416 774 1481 Tanr.
795 1435 841 1481 νε.
858 1417 952 1481 1260.
975 1419 1055 1497 quin
1079 1412 1181 1498 νάχιον

75 1498 125 1567 tta
144 1504 183 1566 iu
202 1499 352 1563 eiusdem
377 1496 470 1561 Med.
492 1518 540 1563 vs.
555 1501 625 1562 210.
685 1501 752 1564 Sed
774 1503 833 1565 ubi
856 1499 923 1562 alio
940 1501 1045 1564 refert
1069 1499 1181 1567 Schol.

75 1583 172 1671 Quod
186 1586 219 1649 si
233 1586 439 1647 coniecturis
456 1580 551 1653 lucus
565 1595 672 1663 esset,
697 1587 915 1649 scribendum
930 1574 1107 1669 {rossemus
1123 1608 1182 1650 su-

75 1690 78 1727 =
100 1672 195 1735 icari
215 1669 350 1750 βυθίαν,
382 1669 555 1750 quomodo
574 1673 693 1748 βυθίους
718 1666 838 1745 uiduae
860 1672 950 1733 dixit
972 1671 1122 1757 Oppiani
1141 1670 1182 1734 li.

75 1694 143 1821 iirl.
161 1774 211 1821 νε.
231 1755 300 1817 186.
350 1750 448 1817 Conf.
465 1751 587 1819 Graev.
608 1764 705 1818 notas
721 1755 763 1818 ad
779 1756 917 1819 Hesiod.
938 1756 1026 1841 Θεοχ.
1041 1775 1090 1823 νε.
1109 1759 1180 1820 991.

75 1842 159 1905 inde
170 1840 285 1902 disces
300 1847 334 1900 et
346 1837 415 1913 ibi,
435 1837 500 1900 alia
519 1857 710 1920 quanquam
729 1841 771 1904 de
789 1860 827 1904 re
843 1842 887 1905 sit
901 1858 1031 1920 sermo,
1053 1836 1181 1904 Archi-

75 1925 209 1993 ochnm
222 1942 287 2009 pro
305 1918 408 2005 νάχιον
425 1922 621 1986 emendasse
632 1923 756 2004 μύχιον.

150 2039 213 2101 Vs.
226 2036 300 2102 985.
333 2035 399 2101 Τὸν
415 2036 473 2100 σὸν
485 2034 596 2100 ναστὸν
611 2034 700 2109 πάντ’
719 2033 898 2123 ὀφθαλμόν.
942 2034 1062 2101 Mellet
1075 2036 1179 2102 Stanl.

75 2128 197 2191 unctis
225 2123 362 2187 vocibus
384 2119 499 2206 legere
519 2120 771 2207 nutrimentum
794 2126 925 2186 ratione
954 2121 1083 2199 edditn3
1119 2122 1181 2185 sed

75 2230 154 2297 luae
175 2205 260 2270 mihi
280 2228 351 2270 non
373 2211 454 2270 satis
479 2207 612 2269 videtur
629 2207 754 2286 validm
786 2212 845 2290 qui
858 2211 972 2294 potius
988 2208 1180 2274 existimem

75 2293 179 2361 αστὸν
192 2287 294 2356 πάντα
312 2291 500 2378 copulanda
516 2301 616 2375 atque
632 2293 760 2356 dictum
777 2292 853 2367 hoc,
873 2303 911 2355 ut
924 2292 980 2356 τὸν
993 2290 1096 2356 πάντα
1108 2290 1179 2379 ἀρι-

75 2405 142 2463 nov
157 2383 196 2442 iu
215 2376 353 2440 Aristid.
371 2376 468 2439 Tem.
483 2376 507 2438 1.
521 2398 553 2462 p.
570 2380 621 2440 73.
644 2390 676 2440 et
697 2380 767 2442 125.
790 2381 940 2461 itemque
955 2378 1050 2439 Tom.
1067 2378 1125 2443 ill.
1144 2398 1177 2464 p.

75 2470 141 2531 99.
164 2472 199 2527 et
219 2458 321 2526 πάντα
335 2457 500 2526 κάλλιστον
521 2461 610 2545 apud
630 2464 773 2526 eundem
789 2463 822 2549 Ρ.
843 2467 913 2526 187.
963 2461 1065 2529 Unde
1078 2460 1178 2525 simul

75 2556 198 2635 lquere
212 2550 352 2632 poterit,
380 2550 415 2608 in
432 2547 581 2609 eiusdem
597 2546 626 2609 T
628 2568 694 2611 om.
710 2548 766 2610 111.
807 2596 813 2610 .
832 2549 899 2612 158.
916 2546 1040 2611 editam
1054 2545 1178 2611 lectio-

75 2636 205 2700 semin
230 2634 404 2718 verbis-'rigi
428 2629 529 2694 αάντα
553 2631 670 2719 ἀρίστῳ
702 2629 768 2696 hau
813 2633 969 2696 debuisse
990 2636 1178 2717 permutari

75 2740 145 2785 :nm
160 2718 373 2802 quorundam
388 2716 473 2779 Μεε.
489 2713 621 2782 πάντων.
647 2721 798 2799 quamvis
812 2720 951 2782 interim
965 2739 1033 2780 non
1050 2737 1105 2780 me
1118 2716 1178 2780 fu-

75 2806 136 2891 giat
147 2806 186 2867 in
203 2800 336 2888 loseph.
351 2800 391 2864 A.
406 2802 430 2864 i.
444 2800 503 2864 lib.
520 2802 575 2862 Vi.
590 2825 619 2864 c.
635 2803 665 2879 4,
680 2804 709 2865 4.
731 2801 800 2884 legi
811 2802 931 2866 itidem
942 2797 1004 2866 ἀπὸ
1019 2807 1076 2867 τοῦ
1091 2799 1177 2867 ντάν-

75 2886 283 2973 revecturae.
312 2899 344 2949 et
358 2888 393 2948 in
409 2884 512 2971 Soph.
529 2885 650 2949 Trech.
672 2906 720 2951 vs.
741 2890 810 2950 180.
828 2892 885 2950 τοῦ
905 2884 1031 2951 πάντων
1046 2886 1176 2968 ἀρίστου

75 2973 172 3054 uerit
186 2971 380 3057 ἐστερημένη.
402 2991 469 3032 non
484 2965 596 3034 πάντα.
620 2968 666 3032 Et
678 2975 727 3035 sic
740 2969 818 3052 κόρη
834 2967 936 3034 πάντα
952 2970 1060 3054 ἀγαθή
1068 2971 1189 3058 Long.

75 3054 195 3124 Pastor.
208 3056 264 3120 lib.
280 3056 335 3118 111.
352 3078 385 3140 p.
399 3058 449 3118 98.
468 3056 533 3162 ζ94,
543 3055 609 3139 20]
624 3051 641 3119 ὅ
655 3053 756 3120 πάντα
770 3053 916 3141 ἀΗναλκις
931 3053 1034 3142 Soph.
1048 3055 1175 3121 Electr.
1185 3077 1239 3132 240

75 3163 116 3208 νε.
132 3146 203 3208 804.
219 3141 298 3226 ἀνὴρ
319 3138 335 3205 ὅ
352 3136 442 3204 πάντ’
465 3136 589 3223 eyn-‘ide
608 3144 642 3202 in
656 3141 806 3204 eiusdem
822 3140 913 3205 Aiac.
931 3159 979 3206 νε.
997 3141 1088 3208 1480.
1104 3133 1177 3206 etei

75 3226 168 3292 αάντα
185 3226 247 3396 lyr}
261 3220 415 3311 δυστυχής
437 3226 529 3311 apud
541 3221 696 3312 Xenoph.
711 3223 799 3312 Eph.
817 3224 876 3289 lib.
893 3224 934 3288 V.
949 3248 983 3313 p.
999 3229 1052 3292 80.
1065 3229 1108 3312 [c.
1126 3232 1175 3292 10.

149 3410 208 3474 Vs.
224 3412 297 3474 997.
340 3426 401 3493 Boni
419 3425 473 3494 βοᾷ
491 3425 600 3495 μελίαν
620 3386 739 3479 ἔνάοοεν
755 3417 832 3498 ἦτορ.

75 3526 205 3591 Homeri
221 3526 410 3589 imitatione
424 3529 474 3589 sic
487 3522 637 3590 locutum
646 3523 853 3611 Aeschylum
867 3545 938 3589 non
952 3524 1173 3590 latuitSchol.

75 3610 195 3677 Versus
211 3629 312 3694 quem
325 3612 405 3673 citat
420 3623 471 3673 est
487 3610 613 3697 Odyss.
633 3616 666 3674 Y.
685 3616 732 3677 18.
753 3610 819 3674 hoc
841 3610 1053 3687 discrimine,
1081 3609 1174 3693 quod

75 3684 111 3761 iri
130 3694 220 3761 ἔνδον
245 3714 313 3757 uon
334 3691 421 3772 ἐντός
440 3695 562 3759 editur.
619 3696 671 3761 De
691 3694 869 3760 locutione
890 3694 958 3763 vid.
976 3694 1074 3759 Misc.
1089 3692 1173 3757 obs.

75 3780 140 3845 Vni.
157 3780 184 3844 1.
204 3778 302 3844 Tom.
324 3778 363 3855 ll.
387 3802 417 3864 p.
434 3784 507 3844 202.
530 3780 619 3844 etad
640 3779 776 3846 Petrou.
801 3803 828 3844 c.
844 3785 915 3846 119.
969 3780 1057 3845 Tum
1077 3775 1173 3842 illico

75 3866 204 3930 terbum
219 3875 317 3928 notes
333 3860 449 3943 τόλμον
462 3868 496 3926 in
513 3863 554 3928 it.
572 3864 690 3952 Steph.
708 3865 810 3929 Thes.
831 3887 899 3929 non
912 3865 1058 3928 ¹'obvium
1069 3908 1093 3941 ,.
1108 3885 1177 3941 cu-¹

75 3968 116 4015 ns
129 3947 354 4037 suPerlativus
368 3951 574 4033 retrituratur
589 3961 682 4014 extat
700 3953 735 4014 in
756 3949 861 4037 Soph.
879 3947 1024 4012 Philoct.
1038 3967 1086 4014 vs.
1099 3952 1172 4014 998.

96 4155 296 4227 &Quomodo
319 4156 458 4210 Herodoti
478 4157 644 4209 imitatione
662 4157 690 4208 lo
713 4157 794 4208 uitur
813 4170 926 4226 quoque
950 4154 1071 4223 Appien.
1092 4155 1172 4210 Alex.

128 4226 200 4279 lter.
214 4228 285 4279 Puu.
307 4245 334 4296 p.
348 4226 391 4281 14.
436 4223 629 4295 Μασανάσσης
650 4226 683 4280 δὲ
706 4230 808 4296 rudere
825 4223 985 4294 Ῥωμαίοις,
1019 4226 1066 4276 καὶ
1090 4222 1173 4294 ἔφερε

127 4299 244 4370 βαρέως,
266 4293 308 4350 ὅτι
320 4294 370 4363 τὴν
382 4296 583 4366 Καρχηδονίων
596 4293 719 4367 δύναμιν
735 4293 818 4355 αὐτὸς
832 4295 859 4354 ἔς
868 4289 940 4363 γόνυ
952 4292 1055 4363 βαλὼν,
1074 4289 1174 4353 ἀλλους

129 4360 214 4437 σορκ.
251 4366 483 4434 [inuuere]
