2626 4792
524 158 825 273 etantanto.
1177 184 1232 236 tu

94 343 371 442 adhuc-coepta
387 347 552 440 persequi
566 348 707 435 datum;
743 351 801 419 liet
818 321 938 420 taimen
953 330 1074 444 opero,
1108 378 1234 447 neque,

94 485 209 576 quod
241 474 453 578 aliquandiu
483 478 837 570 distenduntur,
879 481 954 558 σὺν
981 486 1063 582 θεῷ
1086 496 1252 579 prorsus'

100 587 322 688 eruemur:
352 617 423 685 nie
447 616 592 685 tortasse
610 617 725 689 onum
747 618 896 688 fecerint
916 621 989 695 ani.
1050 621 1230 715 Quinque

101 752 262 821 iuterim
277 749 453 842 praestiti,
475 748 513 819 id
529 771 635 818 omne
651 752 696 820 ab
711 751 854 841 ingenio
873 767 935 840 est,
961 756 1072 835 nullis
1088 756 1231 860 adiutus

103 886 219 954 libris
241 885 400 977 scriptis3
441 885 501 952 ced
525 905 590 952 nec
616 885 771 955 editione
792 886 861 955 alia
876 888 1094 974 vetustiore,
1122 914 1253 982 quem.

106 1019 369 1104 Turnebiana,
394 1019 496 1087 cuiue
510 1011 601 1085 mihi
617 1020 756 1110 copiam
779 1022 861 1090 fecit
882 1023 939 1090 vir
962 1023 1232 1108 eruditissimus,

109 1154 284 1246 idemque
305 1134 425 1222 animo
447 1176 526 1219 meo
556 1152 755 1222 carissimus
784 1155 966 1231 matruelis
993 1152 1115 1230 Wilh.
1142 1141 1230 1227 Otto

109 1282 285 1359 Reitzius.
344 1285 455 1357 Notas
477 1286 516 1352 in
533 1279 749 1381 Aeschylum
775 1289 955 1380 excipiunt
975 1288 1150 1384 quaedam
1166 1293 1232 1360 ad-
1306 1326 1309 1331 ·

113 1422 317 1497 notationes
332 1420 373 1497 iu
385 1418 480 1489 Novi
496 1417 716 1490 Testamenti
738 1421 851 1499 libros
872 1417 1132 1518 historicosz*)·‚
1162 1421 1230 1494 ho'c

108 1554 268 1624 consilio
286 1578 305 1624 a
320 1578 379 1623 mc
394 1553 588 1637 subnexae,
620 1579 666 1622 ne
681 1556 812 1648 quibus
824 1558 1055 1629 abstrusioric
1065 1560 1231 1628 viderer.
1265 1610 1269 1615 .

114 1702 176 1758 tur
209 1688 416 1778 argumenti
440 1700 582 1782 nostrae
614 1690 657 1758 de
679 1687 767 1758 locis
800 1693 925 1780 tragici
964 1693 1232 1785 disputationes,

116 1814 209 1891 nihil
244 1837 354 1908 esset,
393 1823 491 1916 quod
525 1846 735 1912 cognoscere
770 1825 927 1899 mallent.
999 1824 1070 1895 l’er
1111 1828 1231 1894 omnia

116 1957 384 2046 grammaticum
408 1981 509 2047 agere
532 1957 677 2027 adnisus
702 1979 777 2025 non
791 1982 902 2048 pauca
919 1961 965 2028 ab
980 1961 1231 2028 alior'cuncor·

119 2091 337 2161 rectionibus
371 2094 552 2162 vindicare
587 2091 727 2174 studui,
766 2091 883 2184 quisi
910 2093 1060 2186 peritior
1075 2093 1231 2175 fuissem,

116 2249 197 2296 eum
231 2226 335 2296 istam
365 2227 587 2319 provinciam
618 2220 758 2293 felicius
787 2206 1023 2296 haud-dubie·
1040 2226 1234 2315 gessissem,

79 2442 83 2448 ,
113 2375 199 2430 tum·
215 2360 524 2452 parciuelortasse
547 2361 621 2451 ipse
640 2360 1120 2450 coniectttris.indulciseem,
1151 2359 1230 2451 pri·
1255 2368 1260 2383 “

116 2497 198 2564 dem
221 2507 402 2586 expertae,
440 2517 515 2564 non
537 2494 606 2562 alia
631 2496 678 2562 de
697 2517 809 2564 cause·
829 2509 892 2564 tot·
907 2496 1014 2584 vulgo
1036 2478 1254 2579 solticiurt'
1284 2483 1287 2493 ¹

117 2654 225 2722 quam
246 2630 331 2722 quia
352 2654 376 2698 -a
399 2629 627 2719 grdmmatica
646 2628 772 2718 peritia
794 2650 922 2719 parum
937 2629 1102 2699 instructi
1122 2627 1229 2697 crisin

118 2785 342 2858 exercemus,
359 2777 420 2833 aut
433 2761 633 2832 meditandi
648 2762 807 2830 laborem
822 2763 1032 2852 defugimus.
1082 2760 1136 2830 De
1151 2754 1245 2831 meo⁸

116 2911 209 2967 certe
228 2911 393 2967 sensu‘ut
408 2896 536 2990 loquar
554 2896 732 2964 rarissime
756 2895 977 2973 commodius
999 2895 1086 2988 quid
1100 2895 1233 2964 substi-

114 3031 243 3102 tuendi
256 3032 422 3100 facultate
441 3024 586 3101 destitui
607 3032 721 3115 soleo,
747 3029 949 3121 exponendi
963 3031 1060 3122 quod
1074 3030 1232 3120 positum

91 3226 94 3230 ⁴
117 3164 283 3250 invenio,
312 3167 515 3260 plusquam
528 3164 743 3256 saepissime.
802 3161 1112 3254 Digressionibue,
1135 3165 1231 3258 quod

116 3301 157 3368 in
180 3294 288 3369 huius
305 3301 447 3391 generis
475 3301 607 3392 scripto
630 3300 747 3368 licere*
760 3299 933 3383 arbitror,
967 3299 1080 3369 libere
1102 3298 1233 3392 poesim

119 3426 199 3503 euni
221 3456 323 3519 uous3
356 3431 459 3535 aliter
478 3434 708 3527 procederem
728 3434 758 3501 si
781 3447 960 3503 auctorem
977 3434 1095 3527 ipsum
1108 3456 1232 3524 quem-

117 3569 216 3659 piam
240 3592 475 3653 recenserem,
512 3569 654 3661 quando
679 3568 731 3634 nil
754 3567 826 3635 nisi
848 3567 945 3659 quod
962 3567 1155 3658 pertineret
1177 3555 1233 3661 vel

118 3703 165 3770 ad
187 3701 387 3772 difficiliora
418 3702 648 3786 illustranda,
686 3702 744 3769 vel
773 3677 916 3790 linguae
946 3701 1089 3799 genium
1117 3699 1235 3767 deela-

118 3813 293 3920 randum,
315 3837 359 3904 de
371 3860 450 3905 meo
469 3837 646 3907 adderem.
696 3833 861 3915 Ceterum
878 3849 1081 3928 qttanquam
1098 3831 1162 3924 per
1175 3856 1236 3900 ex-

119 3992 245 4039 cursus
258 3969 341 4039 illos
356 3970 453 4040 varia
473 3969 627 4039 aliorum
643 3969 855 4059 scriptorum
874 3970 950 4037 loca
969 3967 1084 4057 attigi,
1118 3981 1236 4036 tamen

120 4154 357 4173 mu.»

162 4252 205 4320 β)
226 4251 284 4305 Eu
303 4252 339 4304 ab
358 4251 414 4306 hac
434 4254 578 4318 editione,
599 4262 631 4306 nt
652 4269 704 4323 per
723 4262 801 4318 erat,
822 4251 922 4302 abesse
941 4229 1105 4314 vomituum]
1193 4268 1195 4272 v
1268 4276 1274 4293 ,
