2626 4792
140 204 217 279 sts
543 200 547 209 '
607 198 699 277 lrlll.
718 198 783 277 lll.

141 382 248 442 otuu:
268 370 405 451 inmte,
426 372 567 455 ίπίτυχεν
579 375 600 436 l.
615 394 645 442 e.
656 375 869 459 deprehendit,
880 366 1078 455 sequendo
1091 372 1234 433 usumroi

140 456 362 546 ἐπιτυγχάνειν,
395 478 466 543 quo
483 460 632 523 occurrit
648 460 683 521 in
705 460 801 521 'illuc
818 454 875 518 Vl.
895 460 997 521 και-38.
1016 452 1139 519 vs.·88.
1185 446 1237 517 llio

36 592 45 611 .
141 550 254 613 ίπιτνοι
267 565 343 609 cum
360 548 547 643 interprete
559 554 652 607 recte
664 544 810 627 occipias
824 559 889 649 pro
903 546 1030 617 oderre,
1055 550 1117 602 aut
1128 544 1235 615 instare,

138 650 205 719 ,per
242 629 310 693 uod
326 626 434 695 altero
449 647 483 691 tn
498 626 574 691 loco
589 626 737 692 reddidit
751 649 780 692 r.
799 648 905 707 παραυ
926 624 1148 691 casaubonus
1158 620 1234 687 adle-

140 718 190 782 vit
203 738 327 799 κηριον,
356 723 391 777 et
403 718 448 801 τῷ
468 712 526 788 iel}
536 710 645 798 δτίοῃς
656 714 886 775 coniecturam
898 712 1006 793 Steplt.
1024 709 1091 785 λὰξ
1103 706 1234 795 norim

140 802 192 865 De
212 801 296 865 vitio
314 812 507 885 suspectum
528 797 611 859 milri
632 798 662 860 si
682 809 770 861 esset
789 792 912 879 κύριον,
946 798 1129 881 scriptum
1149 790 1234 859 intro

139 886 329 971 suspicarer
348 885 466 968 καίριον
472 930 482 961 ,
515 894 553 946 ut
567 883 678 964 ναίριοι
692 884 855 965 συμφοραί
864 884 898 943 iu
912 877 1081 967 Choeph.
1097 896 1145 945 vs
1162 884 1233 949 rste

138 970 257 1054 καίριος
272 958 341 1052 δρα
362 968 451 1052 apud
475 964 578 1046 elios,
609 976 644 1029 et
664 964 796 1031 similia.
849 963 985 1028 Seduil
1009 977 1158 1031 motem.
1205 968 1233 1033 t·

138 1056 252 1141 Agttm.
266 1074 314 1121 vs.
331 1058 402 1119 776.
418 1051 495 1117 ὅταν
507 1052 543 1117 etl
561 1047 666 1135 κάρυον
678 1050 774 1137 ἔλθῃ,
803 1070 927 1135 nempe
938 1042 1066 1134 ἦμαρ,.
1085 1050 1231 1137 quodid·

138 1138 189 1211 dli
210 1138 240 1203 0
259 1147 346 1224 pion.
365 1138 419 1201 lll.
459 1135 585 1221 Cyneg.
606 1156 651 1201 ts.
678 1136 745 1199 165.
767 1146 801 1199 et
828 1129 931 1219 κάρτος
957 1134 1069 1223 ἡμέρα
1091 1143 1129 1199 in
1155 1144 1231 1203 norltl

138 1162 260 1311 Suppl
272 1226 344 1286 740.
385 1225 577 1309 Repetitum
590 1222 638 1295 τίς
651 1240 698 1286 vs.
713 1222 785 1285 548.
799 1221 870 1287 552.
886 1223 1076 1306 utrobique
1089 1223 1179 1291 volet
1190 1232 1231 1301 nir

136 1333 224 1459 3961
236 1308 305 1374 Ter
321 1327 446 1394 paucos
465 1310 553 1370 intra
576 1325 691 1372 versus
709 1309 856 1370 occurrit
870 1309 904 1369 in
920 1304 1050 1395 Suppl.
1068 1330 1119 1375 vs.
1136 1312 1184 1377 68.
1196 1316 1228 1379 fis

222 1494 278 1557 Vs.
301 1495 372 1557 556.
412 1493 478 1558 Τδν
497 1492 682 1575 ἀντίτολμον
702 1492 739 1559 δέ
759 1516 840 1577 φαμι
860 1484 1071 1577 παραιβάδακ
1092 1500 1135 1565 τδ
1154 1498 1227 1567 πολλί

136 1578 327 1665 παντόφυρτ’
341 1578 414 1644 άνευ
426 1580 513 1661 δίκης
523 1581 633 1659 βιαίως
645 1578 701 1655 §clu
715 1575 821 1667 χρόνῳ
836 1580 989 1663 καθήσειν
1006 1583 1154 1649 Gosoub.
1171 1584 1228 1673 left

137 1662 347 1751 παραιβάται,
364 1675 403 1729 ut
419 1664 517 1726 hebet
529 1666 659 1727 'l'untelu
703 1663 833 1727 Deinde
845 1664 961 1727 eedem
977 1666 1063 1731 edit.
1084 1674 1226 1735 oumAll.

136 1750 292 1837 praebet,
321 1747 547 1833 παντάφυρτον.
597 1748 684 1811 llinc
700 1750 801 1812 scribi
822 1758 954 1835 posset,
985 1752 1029 1815 τά
1043 1752 1228 1821 πολ.παιτά-

137 1860 274 1922 φυρτου,
298 1848 354 1899 aut
371 1840 469 1898 etiam
489 1829 722 1918 παντάφορτου,
750 1832 817 1898 ἀλλ’
834 1832 905 1897 άνευ
917 1835 1016 1917 δίκης.
1064 1838 1143 1904 Hoc
1157 1852 1227 1903 stru.

137 1934 194 1985 cto
209 1920 344 1999 ordine,
377 1920 459 2004 φημί
480 1920 515 1983 tt
535 1917 592 1982 τδν
609 1917 674 1983 der.
693 1944 766 2004 παρ.
786 1915 918 2004 ποντάφ.
935 1921 1028 2001 (μὲν)
1048 1922 1124 1989 ἀλλ’
1136 1924 1225 1991 deut.

136 2004 176 2071 τδι
190 2002 289 2071 πολλὰ
311 2007 520 2089 (plerumque)
539 2007 571 2084 β.
592 2010 667 2067 καθ.
688 2004 742 2081 ξὺν
751 2001 857 2088 χρόνω
915 2003 983 2068 Vel
995 2008 1100 2091 'quod
1114 2008 1226 2097 praeir-

137 2110 208 2154 ram
224 2104 299 2154 cum
316 2092 448 2153 Poutoio
461 2090 523 2174 leg.
538 2084 730 2175 παντόφυρτ’
747 2069 850 2172 άγονδ
864 2088 910 2154 iv.
925 2090 954 2155 t.

93 2200 130 2254 ⁸4
223 2202 281 2269 Vs.
290 2204 360 2267 561.
384 2200 523 2267 Kalett’
542 2197 714 2278 άκοάοντας
728 2201 818 2269 otidis
829 2202 911 2285 μέσα
926 2203 1157 2292 δυσΙΙποιλεῖται
1169 2210 1227 2299 δίη.

136 2292 213 2354 Ati.
237 2297 271 2350 et
293 2288 424 2352 Robott.
445 2289 599 2353 δυσπαλεῖ
611 2288 645 2351 δὲ
663 2290 742 2377 δίνᾳ.
796 2291 928 2352 Turneb.
944 2290 1112 2359 δυσπαλεῖ
1124 2320 1157 2363 τε
1169 2296 1227 2395 δίνρ,

135 2370 228 2521 puod
240 2383 274 2436 et
290 2373 475 2477 Gorapbono
493 2376 615 2436 arrisit.
657 2372 792 2460 Syllaba
806 2385 945 2459 truncus
962 2396 1090 2470 versus
1107 2402 1181 2453 cum
1192 2390 1229 2459 sti

151 2477 202 2542 egl
216 2468 331 2541 posset
346 2456 434 2521 ουδὲυ
454 2457 486 2519 ἐκ
499 2456 581 2545 μίσρι
602 2492 703 2520 --.
749 2462 806 2522 VS.
826 2479 893 2544 seq.
914 2459 1001 2529 bene
1016 2464 1227 2530 Pantuiusrs·

135 2543 246 2608 stituit
262 2545 383 2626 θερμῷ.
426 2538 483 2602 Sic
496 2547 607 2604 ναῦται
620 2540 738 2625 θερμοί
749 2544 783 2605 in
801 2542 891 2609 Pers.
907 2546 980 2607 609.
1030 2546 1154 2613 lunxit
1174 2556 1228 2616 rol·

134 2626 238 2777 llll
254 2620 454 2775 i‘i'd‘il‘l'
468 2625 872 2776 lililsilliill
894 2602 1227 2782 oli⁰ss⁹l³l⁸²l⁸²d

192 2760 237 2777 ..
738 2736 1228 2785 .r..·c11ue·

133 2800 218 2873 tiva,
235 2798 312 2881 ’ραι
325 2799 470 2875 inserta,
499 2793 564 2877 leg.
587 2793 643 2859 οὐκ
657 2796 772 2871 ἀδίκως
778 2846 788 2877 ,
819 2796 870 2862 vel
883 2818 946 2883 pro
959 2796 1088 2881 ἀδίκως
1101 2740 1230 2885 desciit,

133 2884 269 2957 ἐνδίκοις.
319 2882 375 2944 Vs.
396 2881 465 2945 564.
487 2877 593 2946 οὔποτ’
615 2880 769 2964 αδχσῦντα
789 2887 874 2947 verti
898 2904 965 2947 non
992 2885 1137 2971 debuit,
1163 2916 1230 2955 nutt-

134 2992 229 3053 quom
242 2972 443 3049 gloriantem,
473 2966 532 3031 sed
552 2991 605 3029 neo
625 2976 770 3051 optinum,
797 2968 950 3052 μηδέποτε
966 2975 1228 3059 προσδοκήσαντα,

132 3061 236 3139 prout
262 3051 347 3113 bene
369 3050 456 3136 expl.
474 3050 586 3114 Schol.
609 3056 703 3116 cuius
726 3056 761 3115 in
784 3056 1100 3141 interpretamento
1116 3062 1228 3129 essct.

15 3176 19 3187 ·
134 3146 275 3199 accentu
296 3146 429 3196 remoto
449 3138 484 3197 in
506 3134 745 3221 penultimam,
781 3143 903 3225 corrig.
931 3145 979 3224 τῷ
996 3144 1126 3229 βράχει.
1169 3144 1227 3209 Vid.

137 3222 233 3284 Tltuc.
245 3217 266 3281 l.
284 3218 431 3284 11.c.91.
456 3219 514 3285 ult.
530 3223 575 3284 ibi
592 3233 661 3286 not.
678 3235 711 3286 et
728 3221 842 3288 Schol.
858 3225 899 3286 ad
915 3224 936 3290 l.
955 3226 1028 3293 Vll.
1049 3253 1080 3295 c.
1097 3236 1128 3297 2.
1145 3232 1228 3299 seii

134 3305 193 3371 Vs.
211 3306 282 3367 668.
298 3308 343 3388 τῷ
356 3302 442 3369 ὤλετ’
466 3306 600 3369 Gasaub.
617 3307 816 3392 adscripsit,
844 3307 940 3375 uilro‘.

217 3418 274 3482 Vs.
289 3416 362 3480 670.
387 3412 431 3479 ‘H
446 3415 474 3479 δ
489 3408 543 3481 οἷον
554 3419 700 3504 διάτορος
719 3424 889 3507 Τυρσενικὴ
903 3422 1039 3510 σάλπιγξ
1056 3441 1122 3493 etc.
1163 3424 1226 3493 006

132 3508 236 3571 Paris.
255 3501 345 3589 apud
361 3498 404 3563 cl.
419 3506 499 3567 Ant.
513 3506 664 3570 Arkeuw.
685 3508 720 3569 in
734 3511 918 3592 specimine
933 3524 1003 3574 not.
1025 3516 1073 3575 ad
1090 3516 1175 3577 hauc
1189 3511 1225 3575 it·

133 3588 257 3667 bulem,
278 3583 442 3668 διάκτορος
456 3585 566 3652 habet.
611 3590 698 3654 Hinc
710 3595 761 3656 vir
780 3594 901 3657 doctus
914 3606 1027 3658 totum
1048 3620 1181 3664 versum
1191 3598 1225 3661 sic

133 3676 285 3758 refingit,
311 3672 361 3734 Ἦ
379 3670 405 3734 τ’
428 3670 560 3756 οὐρανοῦ
582 3672 745 3760 διάκτορος
767 3676 943 3762 Τυροενικ-ἡ.
994 3681 1091 3747 Dein
1114 3684 1225 3750 vesti.

135 3760 269 3847 φαινέτω
284 3758 392 3824 diviso
413 3760 448 3819 in
467 3758 626 3822 vocabula
642 3762 726 3840 duo,
756 3761 838 3848 legit
852 3775 940 3849 φαῖνε
954 3773 1009 3852 τῷ.
1072 3773 1224 3853 Vertitqrt

133 3855 245 3910 totum
257 3842 386 3907 locum:
416 3845 577 3926 Tyrrheno
598 3849 673 3908 tubo
690 3855 764 3910 coeli
776 3857 988 3924 internuncia,
1018 3859 1163 3919 humano
1175 3858 1224 3937 spl-

134 3941 200 3997 rt‘tu
212 3936 340 4007 impleto
354 3937 503 3991 intentum
518 3950 622 3992 vocem
634 3933 743 4013 profer
756 3939 958 3999 multitudini.
1001 3935 1060 4000 De
1073 3960 1105 4003 v.
1121 3937 1224 4005 διάκτο-

92 4028 190 4104 εερος
210 4013 277 4079 vid.
302 4014 437 4095 Hesyoh.
455 4014 503 4074 ibi
532 4011 548 4099 ll
574 4026 644 4079 not.
665 4027 698 4079 et
717 4019 862 4082 Euetutlt.
882 4019 925 4081 ed
947 4017 1044 4085 lliad.
1060 4024 1100 4086 Β.
1126 4046 1159 4112 p.
1173 4024 1225 4086 lli·

133 4105 243 4188 princ.
260 4098 363 4182 [182]
385 4090 535 4180 στρατός,
564 4107 602 4160 ut
622 4117 721 4186 saepe
740 4100 838 4178 aliaS,
867 4113 919 4167 est
933 4112 1048 4188 populi
1062 4110 1222 4181 nutriendo,

134 4191 228 4252 turba
243 4188 385 4258 urbana,
406 4185 495 4244 infra
512 4202 561 4248 vs.
576 4186 647 4247 686.
662 4187 737 4249 add.
753 4192 869 4271 Spernit.
885 4189 924 4250 ad
940 4189 1059 4253 Iulian.
1073 4213 1107 4277 p.
1126 4196 1221 4257 76.uu

132 4264 344 4421 τιργρίιζὶσθαι
369 4285 416 4331 vs.
432 4271 505 4333 669.
524 4288 544 4333 e
564 4268 736 4336 vocabulis
759 4283 831 4351 est,
859 4294 943 4360 quae
963 4275 1059 4361 apud
1072 4279 1118 4341 H.
1138 4278 1219 4361 steps

121 4374 212 4425 ασα·
279 4364 392 4421 entur.
1264 4354 1265 4363 ’
