2626 4792
122 175 181 315 ‘1s
507 221 642 301 arins
676 202 783 317 cna.
797 198 883 300 tv}

131 402 309 475 sictamen
330 402 376 486 τῷ
388 400 457 462 iota
477 397 582 461 fuerit
604 416 709 482 opus,
737 417 812 460 cum
827 400 862 460 in
876 409 1013 484 promto
1034 402 1079 462 sit
1094 397 1249 463 eiusdem

132 487 313 573 potestatis
328 487 465 546 verbum
480 482 599 560 ἄστεα,
628 486 700 560 cui,
728 480 971 565 quodquidam
988 485 1110 561 sciam,
1154 492 1270 545 rania.

124 572 336 639 'maticorum
363 588 463 633 nemo
497 566 582 632 illud
611 564 862 653 adpingeudum
886 589 1007 653 praece
1034 573 1069 630 it.
1122 504 1259 631 'lbeon

130 650 292 741 'Sophiste
317 675 350 738 p.
369 660 395 717 1.
418 651 563 725 ἅπτουσιν
578 653 626 735 ἐπὶ
650 650 686 715 τὸ
711 654 816 797 lipara.
864 653 994 717 Aelian.
1008 590 1055 713 447.
1071 650 1109 714 Η.
1130 650 1182 717 lib
1206 650 1249 715 lt.

125 738 229 815 6544.
249 739 298 801 ἐπὶ
311 736 386 815 τοὺς
401 738 566 815 πολεμίους
580 735 695 800 εἴπειε.
753 749 849 799 saeos
866 750 950 801 orat.
969 740 1010 800 de
1023 737 1054 800 N
1058 734 1250 801 icostr.he-

125 823 271 907 'reditp
281 824 332 883 47.
351 823 416 907 [st.
427 845 459 908 p.
470 826 522 884 79.
532 822 585 905 Pt]
594 821 622 885 oi
638 821 695 902 μὲν
708 818 805 894 εὐθὺς
818 854 904 872 ·--·
919 824 966 887 a'nl
980 822 1019 885 τὰ
1029 821 1251 905 Νικοστράτου

82 916 86 929 “
125 904 256 983 &orlac
267 900 353 971 οὗτοί
366 910 432 971 εἰσι.
442 907 534 969 Max.
543 906 623 995 Tyr.
631 908 771 970 trissert.
780 904 964 990 X.[XXV1.
975 906 1083 984 volll,
1092 930 1123 994 p.
1137 906 1247 990 19.R.·]

124 990 245 1075 Ὄρεξις
266 998 323 1057 τοῦ
351 991 461 1073 ὁμοίου
482 991 563 1073 πρὸς
582 990 618 1054 τὸ
645 989 753 1072 ὅμοιον
773 988 923 1068 ἅπαντας
949 989 1048 1073 σώσει.
1104 991 1258 1054 Aristid·

121 1078 230 1143 ‘'l'om.
243 1077 265 1140 Ι.
281 1099 313 1163 p.
327 1078 399 1140 406.
416 1076 541 1164 [Cant]
564 1068 657 1159 αὖραι
675 1111 761 1123 -—-
781 1074 872 1139 ἄλλαι
888 1076 931 1139 δι’
947 1077 1050 1140 ἄλλων
1065 1073 1249 1139 διαττσασαι

133 1160 244 1245 (sicle
270 1167 292 1239 .)
310 1159 423 1226 τόπων.
474 1161 567 1243 Idem
587 1183 618 1248 p.
637 1160 710 1224 644.
737 1161 821 1244 διῇξε
842 1161 933 1238 σέλας
949 1163 983 1226 ἐκ
999 1164 1107 1236 δεξιᾶς.
1152 1156 1248 1242 Quid

33 1296 36 1301 -
91 1248 226 1331 etquod
241 1182 391 1309 dubitem
413 1267 521 1333 prope
539 1264 659 1331 anper
678 1264 824 1309 canonas
847 1245 1100 1335 grammatillcos
1115 1243 1247 1309 vocales

130 1332 165 1415 'rita
183 1332 248 1417 per
270 1331 439 1396 diaeresin
452 1350 495 1394 ex
513 1330 607 1395 verbi
620 1342 738 1405 natura
757 1343 930 1416 separatae
947 1331 1136 1395 coalescere
1159 1348 1246 1415 pos-

128 1404 203 1501 's‘int
224 1420 260 1478 in
278 1442 299 1478 α
311 1425 346 1478 et
359 1442 391 1499 η.
436 1416 509 1480 Hoc
524 1417 595 1480 scio
607 1415 695 1501 apud
710 1412 829 1501 poetas
843 1415 961 1480 α’·ΐσσειι
982 1434 1165 1479 occurrere
1187 1414 1241 1477 di-

128 1482 313 1589 syllabarii,
335 1482 395 1565 se'd
409 1501 443 1562 id
459 1520 520 1587 per
535 1503 707 1586 synizesin
725 1499 773 1576 fit,
794 1519 860 1562 nec
874 1521 1014 1565 monere
1028 1502 1246 1586 praetermit-

131 1589 449 1672 tuntgrammatici,
471 1584 535 1651 vid.
550 1604 607 1648 eos
621 1583 663 1647 ad
683 1584 787 1670 Sopb.
804 1584 964 1649 Trachin.
979 1605 1026 1652 vs.
1045 1587 1117 1648 400.
1130 1596 1165 1649 et
1174 1583 1246 1647 856.

41 1688 43 1692 ’
131 1682 225 1743 certe
245 1669 312 1733 hoc
335 1675 430 1756 prius
458 1681 531 1732 erat
555 1669 771 1756 probandum
799 1690 901 1752 quam
927 1672 1052 1816 ubiqpe
1075 1673 1246 1734 intrusum

130 1759 228 1821 ireut'
246 1776 275 1820 v.
289 1754 321 1818 d.
342 1754 433 1840 quod
451 1757 583 1821 etiamsi
595 1753 808 1828 ostendatur,
830 1755 883 1821 vel
900 1759 996 1818 sioni
1023 1755 1046 1818 il
1061 1750 1246 1816 aliud'inde

119 1835 347 1918 conficietur,
378 1856 478 1923 quam
498 1839 554 1902 ubi
575 1860 620 1903 ex
645 1836 812 1900 librorum
830 1837 897 1902 fide
918 1839 1047 1902 editum
1063 1838 1246 1923 comparet,

131 1927 180 1990 ibi
196 1925 427 1999 retinendum,
450 1923 625 1989 silentibus
640 1923 725 1987 MsS.
743 1944 812 1987 non
826 1925 1081 2003 arcessendum,
1108 1922 1200 2007 quod
1214 1933 1246 1987 et

132 2013 260 2096 passim
280 2010 369 2095 apud
391 2012 558 2074 comicum
583 2006 664 2072 facit
678 2007 864 2083 Kusterus‚
896 2021 936 2071 ut
958 2014 995 2071 in
1009 2009 1099 2074 Nub.
1112 2026 1162 2073 vs.
1177 2007 1246 2071 ets.

134 2097 233 2178 εἰσῇξε
256 2094 357 2186 δᾷδας
373 2093 487 2176 ἔχουσα
503 2103 595 2158 recte
603 2093 747 2175 ,quidem
762 2091 790 2155 F
792 2094 946 2158 rischlini
960 2098 1098 2180 corrigit
1113 2094 1246 2157 versio-

132 2200 231 2257 nem,
258 2192 292 2242 at
337 2189 447 2243 raeter
463 2181 697 2242 necessitatem
717 2181 816 2261 εἰσῆξε
839 2181 1026 2243 substituit.
1070 2177 1105 2240 Si
1123 2179 1246 2242 vertis-

109 2258 112 2263 *
134 2202 512 2346 setFriscbllnusneque
526 2243 820 2340 introduxitfo'ces,
843 2267 958 2348 ecquis
970 2262 1149 2349 culparet?
1169 2260 1245 2323 Non

132 2369 189 2412 me
202 2346 283 2409 latet
299 2345 531 2434 Phrynichum
545 2358 578 2411 et
586 2345 706 2411 Thom.
713 2345 914 2431 Magisuum
927 2352 1089 2412 aoristum
1106 2349 1245 2410 damna-

120 2440 171 2496 're
218 2434 343 2495 riorem
363 2433 456 2496 verbi
478 2429 499 2496 ἄ
519 2450 562 2509 αι,;
598 2424 718 2494 verum'
736 2430 867 2495 esthon
889 2455 1007 2504 eorum
1025 2441 1245 2518 praeceptum

135 2538 255 2582 eoem
282 2515 473 2579 babendum
497 2456 594 2590 loco,
628 2535 696 2597 quo
724 2514 894 2601 pleraque.
948 2517 1087 2581 Aristid.
1111 2517 1210 2580 Tom.
1221 2512 1246 2577 ·1.

134 2622 169 2750 p.
177 2604 250 2664 632.
262 2601 388 2685 [Cant]
404 2600 425 2664 tl
440 2634 526 2650 -····
544 2599 618 2673 τοὺς
632 2597 741 2682 λόγους
754 2593 807 2682 ἦξε
821 2599 886 2680 μετ’
902 2601 1048 2677 εὐδοξίας.
1092 2599 1246 2687 Thucyd-

152 2691 160 2703 0

150 2689 194 2752 ib.
212 2687 252 2762 ll.
273 2709 300 2751 c.
320 2690 370 2751 97.
389 2683 488 2770 φόρος
507 2720 603 2764 --,
622 2683 697 2749 ὅσον
711 2689 871 2770 πρσσῇξαν
884 2689 932 2752 ἐπὶ
948 2687 1083 2753 Σεύθου.
1124 2685 1246 2749 Petrus

44 2764 46 2777 ¹
115 2766 321 2859 'Apostolus
351 2772 449 2856 epist.
467 2770 507 2832 11.
532 2792 559 2834 c.
577 2775 606 2832 2.
626 2789 676 2833 vs.
697 2770 726 2832 5.
755 2772 972 2854 κατακλυσμὸν
995 2771 1103 2857 κόσμῳ
1126 2769 1248 2852 ἀσεβῶν

86 2894 94 2906 -
134 2854 260 2931 ἐπάξας.
309 2855 465 2940 Xenoph.
480 2854 619 2942 Ephesii
640 2851 724 2919 illud
737 2852 795 2918 lib.
812 2857 835 2918 l.
850 2878 883 2942 p.
903 2862 950 2920 13.
969 2858 1012 2941 [c.
1029 2860 1077 2919 10.
1098 2878 1131 2942 p.
1150 2859 1203 2934 13,
1217 2858 1247 2916 2

134 2940 230 3024 Loc]
249 2938 420 3023 μελλούσης
445 2946 502 3024 τῆς
525 2940 601 3014 ιεὼς
630 2938 846 3014 inordinatior
872 2941 1032 3006 adversus
1058 2941 1246 3007 crisiwviri

135 3027 357 3090 eruditissimi
377 3025 568 3111 praefracte
592 3028 683 3088 tueri
711 3025 810 3104 nol03
845 3048 910 3090 nac
928 3031 1004 3109 quia
1031 3025 1167 3090 codices
1186 3042 1244 3090 va·

133 3115 224 3173 riant
243 3111 371 3175 advoco
386 3106 488 3198 Sopb.
503 3113 536 3171 in
552 3109 643 3173 Aiac.
660 3111 788 3174 valeo.
804 3113 912 3194 φρένες
925 3109 1107 3197 διάστροφοι
1122 3102 1248 3194 γνώμης

90 3194 257 3270 menetai
267 3201 325 3279 τῆς
340 3197 424 3276 ἐμῆς.
454 3213 642 3277 quanquam
659 3194 1043 3278 dissimularenequeam
1061 3193 1144 3257 mihi
1161 3193 1179 3283 ΙΙ
1193 3198 1247 3259 vi-

134 3280 209 3343 deri
221 3277 281 3365 leg.
295 3278 481 3361 μ”ἀιιῆξαν,
512 3281 636 3346 videsis
651 3291 685 3343 et
702 3278 814 3345 Schol.
864 3281 968 3344 Mitto
983 3281 1134 3345 eiusdem
1146 3280 1246 3343 fabu-

132 3364 185 3429 lae
200 3384 245 3430 vs.
262 3368 312 3429 39.
328 3365 409 3446 πρὸς
428 3366 462 3428 τί
472 3360 674 3448 δυσλόγιστσν
691 3355 761 3448 ἧξεν
772 3364 872 3449 χέρα,
903 3367 940 3428 ln
957 3364 1146 3429 Themistio
1160 3367 1243 3429 item

118 3461 218 3512 orat.
232 3449 322 3513 tht.
345 3473 376 3536 p.
394 3451 463 3514 166.
483 3467 512 3512 a.
532 3448 570 3514 οὐ
590 3449 744 3531 μεθιέμην
762 3448 823 3532 ἤδη
845 3457 901 3513 τοῦ
921 3449 1035 3532 τάχους
1056 3449 1112 3532 τῆς
1134 3447 1178 3535 cl'y
1196 3474 1245 3528 ας,

132 3531 177 3611 ὥς
194 3532 328 3609 ἄξαιτός
346 3560 385 3615 με
406 3535 454 3598 ἐπὶ
476 3533 534 3616 τὴν
554 3533 653 3617 ἄγραν
679 3533 715 3598 orl
730 3538 878 3616 χαλεπῶς.
912 3535 1020 3600 videri
1041 3546 1155 3622 potest
1176 3474 1245 3619 leg.

131 3618 271 3695 ἄξοντος.
321 3619 389 3683 Sed
408 3640 472 3683 nec
492 3616 639 3682 εἲσάτιειι
660 3639 725 3683 uec
740 3619 869 3702 εἰσάγειν
885 3616 941 3683 hic
957 3617 1117 3706 placeat3·
1129 3634 1244 3683 nonne

131 3708 272 3769 tertium
287 3706 442 3792 suppetit
453 3704 591 3769 verbum
605 3702 648 3766 ad
662 3722 801 3768 sensum
812 3702 880 3769 loci
898 3708 1122 3793 aptissimum,
1143 3724 1244 3769 nem·-

130 3810 175 3875 pe
189 3786 346 3873 εἷσήιιειν.ρ
367 3789 411 3852 de
425 3793 520 3852 cuius
536 3791 705 3872 probitate
720 3798 763 3852 n'e
777 3789 928 3865 dubites,
951 3792 1029 3872 qula
1042 3793 1245 3854 auctoritate

133 3873 233 3936 dubia
254 3877 379 3937 citatur
397 3876 432 3936 iu
450 3875 521 3937 ind.
542 3871 642 3937 Thes.
657 3874 696 3937 L.
712 3871 790 3952 Gn,
814 3895 854 3938 en
874 3876 937 3937 tibi
950 3874 1086 3938 Aristid.
1103 3873 1202 3938 Tom.
1219 3875 1243 3939 l.

116 3965 164 4042 'p.
180 3958 252 4020 553.
268 3956 400 4104 ἕζεαι]
426 3960 644 4042 σασπειραθεὶς
667 3954 709 4032 ὡς
729 3955 808 4041 εἶχον
834 3961 940 4042 ιῖσῆξα
960 3962 1004 4033 εἷς
1020 3958 1057 4023 τὸ
1077 3958 1244 4040 δωμάτιον.

50 4095 58 4108 .
133 4041 266 4105 etdesc
293 4049 349 4107 .in
365 4045 480 4128 Agam.
501 4060 549 4106 vs.
566 4039 687 4106 11906
702 4039 844 4128 χρησμὸς
858 4043 952 4108 ἔοικεν
966 4043 1102 4128 εἰσήξειν.
1133 4043 1243 4127 Equi-

92 4148 95 4152 ·
133 4128 211 4188 dem
234 4131 314 4190 satis
344 4131 460 4189 mirari
491 4147 622 4210 nequeo
644 4127 828 4192 Kusterum
855 4132 890 4191 iu
924 4128 1040 4192 eadem
1068 4126 1244 4191 comoedia

132 4230 179 4276 vs.
201 4213 272 4273 992.
303 4213 405 4276 Suida
432 4212 517 4275 duce
542 4214 686 4298 probare
710 4211 858 4277 εἶσιὶττειν
880 4232 961 4299 prae
989 4215 1081 4276 edito
1107 4214 1242 4292 εἶσιέιαι,

128 4292 352 4359 nibilominus
368 4301 419 4359 sui
433 4297 575 4359 oblitum
591 4297 716 4381 ubique
726 4297 896 4363 inculcare
910 4290 1024 4362 o’t'loonv
1031 4346 1041 4378 ,
1063 4308 1102 4360 ut
1116 4301 1242 4361 iterum

129 4381 166 4449 in
176 4378 305 4443 Eccles.
320 4399 365 4446 vs.
381 4382 468 4445 782:
493 4381 549 4447 hic
563 4384 652 4445 euim
668 4386 697 4449 sl
710 4383 848 4465 διάξειεν,
870 4395 910 4449 ut
923 4381 1013 4462 vult,
1036 4398 1086 4451 ast
1102 4401 1121 4447 a
1136 4383 1241 4450 διαΐσ-
