2618 4792
127 172 208 295 ¹to
434 204 986 290 tffl.1.cne.xv111.xttt
1088 214 1091 219 ·

156 389 241 455 binc
255 384 397 460 factum,
417 394 456 448 ut
468 403 544 447 cum
557 385 728 446 incassum
741 378 862 444 cadere
877 383 1045 445 sentirent
1059 390 1258 455 omnem'oo-
1294 382 1305 509 ἱ

159 486 292 546 natum,
320 473 515 535 coniectura
535 468 691 543 tandem,
720 462 828 541 utfit,·
852 463 1091 545 sollicitarent,
1118 474 1259 557 prodier

161 561 372 644 suspicantes
393 556 479 639 δορὶ,
516 573 600 637 quae
619 549 740 624 lectio,
774 552 804 613 si
825 550 980 613 codicum
1005 556 1176 621 niteretu'r
1193 556 1261 640 fide,

161 655 281 708 utnon
298 640 390 704 foret
402 642 528 726 inepta,
549 653 661 701 tamen
679 637 779 698 nobis
792 633 923 721 vulgata
938 638 1037 701 unice
1055 638 1188 725 placet,
1209 666 1262 711 nec
1295 604 1305 679 l

161 726 343 813 quidquam
355 721 462 786 libros
477 727 623 786 variasse
641 720 822 784 credimus.
869 717 979 784 Aliter
998 725 1028 785 si
1049 729 1106 788 cui
1119 728 1263 795 videntur

162 815 208 877 nb
222 807 414 877 facillimam
433 820 467 871 et
484 812 542 872 vix
561 808 759 870 mutationis
776 806 912 868 nomine
927 805 1060 891 dignam
1076 809 1262 895 literaenip
1298 874 1305 887 ,

162 897 444 969 coaffectionem,
465 898 496 958 ci
512 893 601 957 ultro
616 890 871 977 suppeditamus
885 910 953 973 quo
970 910 1042 955 eam
1056 892 1170 963 firmet
1183 904 1262 968 eiur-
1297 892 1305 951 ἓ

46 991 50 1009 “
164 980 242 1045 dem
263 981 438 1065 regiminis
460 975 652 1062 exemplum
670 996 716 1039 ex
731 972 800 1037 Val.
815 972 938 1036 Flacco
956 977 992 1039 in
1007 991 1183 1048 caestuum
1198 1008 1264 1053 cer·

162 1068 302 1131 taminis
321 1062 551 1149 descriptione
571 1060 744 1125 Pollucem
766 1062 858 1123 inter
882 1068 917 1124 et
930 1061 1121 1153 Bebrycem
1139 1067 1200 1135 lib.
1216 1072 1262 1139 lv.
1298 1062 1305 1124 l

167 1170 215 1217 vs.
229 1152 303 1217 291.
1187 1196 1190 1201 -
1300 1180 1304 1187 ·

111 1264 162 1322 tte
322 1262 465 1391 lffmlm
480 1263 531 1317 hic
552 1262 745 1348 dentrnmque
765 1268 852 1345 peret
869 1259 1058 1335 dextramque
1073 1267 1210 1327 minetur
1300 1276 1305 1297 ¹

351 1334 520 1404 pudendm,
539 1335 618 1388 redut
634 1334 693 1386 hirc
708 1332 798 1385 oculte
817 1339 847 1383 et
866 1331 994 1398 pondere
1011 1336 1137 1408 Bebryx,

325 1404 375 1458 Sic
392 1414 489 1468 ratus;
511 1405 562 1459 ille
578 1415 676 1458 eutem
693 1402 782 1459 celeri
799 1402 877 1471 repit
894 1419 947 1457 cra
963 1406 1088 1461 sinistra.

100 1502 104 1507 ’
166 1502 275 1589 lunge
288 1500 406 1591 Eurip.
421 1509 455 1569 in
471 1504 597 1569 Phoen.
611 1525 658 1573 ve.
674 1504 907 1569 test—teti.
927 1505 1018 1571 unde
1040 1511 1214 1597 simulque
1231 1536 1265 1581 ex
1304 1506 1305 1525 ¹

167 1592 340 1677 praesenti
360 1590 518 1680 Aeschyli
538 1589 620 1661 locu
636 1589 791 1653 Flaccum
812 1590 974 1673 quaedam
999 1592 1158 1665 suumin
1182 1606 1266 1665 usutn

170 1676 380 1741 convertisse
400 1676 490 1739 haud
510 1677 665 1741 obscuris
684 1675 820 1738 indiciis
841 1672 923 1737 mihi
944 1677 1062 1742 videor
1082 1680 1268 1769 depreben-

169 1760 261 1822 disse
273 1758 317 1841 *).
364 1761 416 1826 De
436 1773 606 1826 structura
627 1761 894 1825 accusativorum
910 1759 1061 1845 elliptica-
1070 1768 1186 1851 qualis
1198 1770 1270 1837 haec

168 1839 248 1927 δόρυ
266 1842 325 1928 τὴν
340 1855 430 1931 χεῖρα
448 1846 515 1916 vid.
538 1845 697 1910 Munker.
719 1843 770 1907 ad.
784 1844 907 1909 Anton.
929 1845 1044 1914 Liber.
1068 1870 1097 1914 c.
1119 1856 1183 1921 34:
1217 1856 1270 1922 nic

169 1925 315 1993 alienum
330 1943 382 1995 est
394 1935 534 1996 omnino
550 1929 616 1994 hoc
630 1927 734 2038 Sopb.
748 1932 785 1993 in
798 1927 918 1993 Trach.
932 1950 979 1995 vs.
996 1932 1046 1996 50.
1066 1939 1173 2002 πολλὰ
1184 1941 1270 2023 μέγα

126 2050 131 2059 ·
168 2011 230 2100 ἕνα)
252 2016 392 2080 κατεῖδον
412 2015 473 2100 ἤδη
494 2013 675 2095 πανδάκρυα
706 2012 867 2098 ὀδύρματα
888 2014 947 2099 τὴν
962 2012 1149 2101 Ἡράκλειον
1170 2026 1272 2107 ἔξοδον
1303 2100 1305 2106 Ι

167 2100 344 2185 pompeiam,
374 2103 441 2167 vid.
461 2103 510 2165 ibi
526 2098 639 2167 Schol.
687 2098 724 2162 ln
740 2096 855 2163 Scbol.
871 2099 908 2164 Β.
929 2100 972 2164 ad
985 2122 1033 2171 vs.
1047 2109 1120 2171 629.
1136 2107 1199 2179 lin.
1215 2112 1272 2183 &l

168 2191 353 2273 προλαβεῖν,
376 2200 411 2252 et
423 2186 484 2253 lio.
500 2182 606 2252 altera
621 2204 641 2248 a
657 2186 724 2253 fine
737 2183 895 2254 τουτέστιν
907 2185 963 2256 ἐὰν
978 2190 1107 2260 συνίδοι.

633 2386 714 2457 Cae.
732 2386 823 2452 XIX.

256 2513 317 2582 Vt.
331 2516 406 2583 688.
589 2561 654 2579 --
671 2532 722 2588 adr
739 2530 827 2586 αὐτοῦ
845 2535 898 2588 σοῦ
917 2532 1103 2611 κασίγνητον,
1122 2540 1209 2602 πόλει

111 2622 161 2681 125
484 2618 498 2689 ΙΙ
512 2618 580 2676 Oine
595 2614 620 2688 ρ)
637 2614 738 2689 cipriane
755 2618 802 2671 καλ
819 2614 983 2689 κατεύχεται
1002 2614 1102 2694 τύχας·

473 2697 598 2773 Πυργαις
611 2698 735 2772 ἐπεμβὰς
751 2699 967 2773 κάπικηρυχθεὶς
977 2710 1075 2778 χθονλ,

471 2780 628 2855 Ἀλώαιμον
647 2781 740 2836 παιᾶν’
761 2782 972 2856 ἐπεξιακχάσας,

473 2873 528 2929 Σολ
542 2872 754 2943 συμφέρεσθαι,
771 2872 819 2924 καλ
838 2871 949 2926 κιανών
967 2879 1068 2928 θανεῖν
1085 2879 1187 2941 πέλας.

169 2970 297 3041 Ut'non
312 2975 544 3039 arcessiverim
560 2970 676 3051 αὐτοῦ,
704 2974 733 3036 si
747 2970 844 3037 αὐτὸν
863 2969 1053 3059 legeretur,
1083 2974 1179 3045 foret
1193 2985 1273 3049 enim

168 3056 265 3122 αὐτὸν
291 3058 346 3124 τὸν
369 3055 553 3143 κασίγνηυόν
576 3082 649 3137 σου,
687 3059 737 3120 sic
756 3055 854 3121 αὐτοῦ
873 3059 965 3140 quod
987 3062 1192 3149 praeferunt
1205 3065 1272 3131 iibri

167 3141 260 3205 haud
273 3141 455 3221 fastidiam,
468 3142 529 3207 sed
546 3161 722 3228 sumopro
737 3148 795 3207 cci
807 3141 905 3206 αὐτοῦ
919 3149 989 3209 sive
1009 3156 1140 3215 σαυτοῦ.
1186 3152 1272 3215 Dati-

167 3246 231 3291 vus
244 3224 330 3292 πόλει
343 3229 470 3315 pendet
484 3230 525 3289 ab
541 3225 664 3311 ἀρᾶται,
678 3237 716 3290 ut
728 3229 926 3315 interpretis
941 3229 1186 3318 supplemento
1199 3234 1272 3300 nibil
1303 3298 1305 3312 ,

117 3380 122 3391 ,
167 3314 214 3374 sit
235 3331 332 3398 opus.
385 3309 577 3375 lniortunia
601 3332 686 3396 qnae
707 3316 914 3396 imprecatur
929 3321 1155 3382 continentur
1172 3324 1271 3387 verbis
1302 3356 1305 3393 ι

166 3392 295 3481 πύργοις
314 3395 451 3478 ἐπεμβὰς
472 3408 506 3459 et
523 3393 681 3478 ἁλώσιμον
694 3404 810 3461 παιᾶνα
825 3399 1055 3483 ἐπεξιακχάσας.
1109 3404 1151 3467 ln
1174 3408 1286 3487 duran-¹
1303 3435 1305 3484 ς

165 3484 294 3567 ραχθελς
306 3502 382 3545 cum
391 3480 846 3562 Scholtubaudiopiccrirde:
868 3487 918 3548 sic
933 3485 1035 3550 inl'ol
1061 3493 1138 3557 aeni
1154 3488 1214 3555 lib.
1224 3490 1269 3565 lv,
1302 3518 1305 3568 ι

166 3586 196 3632 c.
210 3570 241 3643 8,
257 3572 287 3631 8.
307 3566 365 3650 τὴν
385 3564 590 3651 Ἀλεξάνδρου
608 3569 730 3652 μητερα
752 3568 872 3632 καὶτὸν
894 3570 963 3636 οἷον
976 3596 1056 3652 μετα
1070 3579 1194 3660 πολλῆς
1205 3573 1269 3685 ρ’δυ·
1303 3611 1305 3651 t

189 3657 222 3727 ‘c
243 3652 295 3716 καλ
312 3657 415 3736 χαρᾶς
433 3649 630 3736 ἀνηγόρευον.
685 3654 904 3719 Casaubonus
929 3656 1024 3721 dedit
1036 3662 1192 3739 βασιλέας
1205 3682 1269 3741 urn-
1303 3692 1305 3707 ⁴

163 3676 310 3883 {locvm
337 3738 397 3801 sed
416 3736 453 3801 ad
473 3737 622 3817 βασιλέας
642 3758 704 3802 nec
718 3741 910 3825 interpres,
931 3762 995 3805 nec
1008 3740 1089 3806 libri
1104 3744 1192 3813 Mss.
1204 3748 1270 3830 qni·

189 3838 229 3885 us
247 3840 330 3886 usus
349 3820 572 3899 Maasvicius‚
603 3834 809 3907 agnoscunt,
837 3834 871 3887 et
889 3823 989 3890 facile
1011 3830 1144 3894 carebit
1163 3833 1270 3895 oratio

163 3907 258 3989 χθονὶ
276 3904 330 3993 rel
353 3925 452 3971 casus
472 3916 525 3972 est
547 3912 670 3975 tertius
692 3927 758 3997 pro
777 3905 839 3975 ὑπὸ
856 3908 993 3994 χθονός,
1024 3921 1152 3995 regione
1172 3925 1269 3983 sumn

164 4058 391 4081 m

196 4154 233 4227 ὑ)
257 4154 419 4215 Herodian.
445 4156 476 4209 in
500 4156 563 4241 ξαν.
587 4173 616 4224 p.
639 4156 699 4209 462.
726 4156 851 4224 [111‚9‚
869 4158 931 4229 10,]
955 4155 1035 4241 τὰμδὶ
1054 4156 1169 4231 (insite
1186 4162 1270 4248 θνρρλα)

230 4226 408 4297 ἔμπλπυονια
428 4231 488 4287 ταῖς
508 4233 607 4294 οψεαι,
629 4229 676 4279 καλ
693 4230 720 4278 ei
735 4246 761 4280 ει
779 4246 835 4280 που
853 4244 1097 4310 παραγεχρμνωεο
1119 4234 1269 4305 roricone·

229 4311 292 4359 roc,
320 4290 500 4351 λανθάνουσα
517 4300 564 4351 καὶ
583 4289 779 4367 unctionem,
808 4313 994 4369 τιτρωσκονεα
1018 4316 1046 4355 te
1064 4299 1189 4375 αὐιοῦς,
1218 4306 1269 4365 ἰλυ-

227 4368 354 4441 ,ιιαλνειοι
392 4363 495 4437 [Aoo.
510 4367 629 4439 ρ.650.]
1200 4376 1207 4395 ’“
