<?xml version="1.0" encoding="UTF-8"?>
<!DOCTYPE html PUBLIC "-//W3C//DTD XHTML 1.0 Transitional//EN"
    "http://www.w3.org/TR/xhtml1/DTD/xhtml1-transitional.dtd">
<html xmlns="http://www.w3.org/1999/xhtml" xml:lang="en" lang="en">
 <head>
  <title>
</title>
<meta http-equiv="Content-Type" content="text/html;charset=utf-8" />
  <meta name='ocr-system' content='tesseract 3.04.00' />
  <meta name='ocr-capabilities' content='ocr_page ocr_carea ocr_par ocr_line ocrx_word'/>
</head>
<body>
  <div class='ocr_page' id='page_1' title='image "./fridericiludovi00abregoog/fridericiludovi00abregoog_0094.png"; bbox 0 0 2626 4792; ppageno 0'>
   <div class='ocr_carea' id='block_1_1' title="bbox 342 160 1192 281">
    <p class='ocr_par' dir='ltr' id='par_1_1' title="bbox 342 160 1192 281">
     <span class='ocr_line' id='line_1_1' title="bbox 342 160 1192 281; baseline 0.001 -3"><span class='ocrx_word' id='word_1_1' title='bbox 342 160 414 278; x_wconf 77' lang='lat' dir='ltr'>An·</span> <span class='ocrx_word' id='word_1_2' title='bbox 436 199 638 276; x_wconf 78' lang='lat' dir='ltr'>snerntu</span> <span class='ocrx_word' id='word_1_3' title='bbox 663 201 704 277; x_wconf 81' lang='lat' dir='ltr'>e.</span> <span class='ocrx_word' id='word_1_4' title='bbox 729 196 937 277; x_wconf 80' lang='lat' dir='ltr'>rnness.</span> <span class='ocrx_word' id='word_1_5' title='bbox 1142 204 1192 281; x_wconf 74' lang='lat' dir='ltr'>ot</span> 
     </span>
    </p>
   </div>
   <div class='ocr_carea' id='block_1_2' title="bbox 80 370 1276 1655">
    <p class='ocr_par' dir='ltr' id='par_1_2' title="bbox 92 370 1194 634">
     <span class='ocr_line' id='line_1_2' title="bbox 109 370 1193 464; baseline -0.003 -22"><span class='ocrx_word' id='word_1_6' title='bbox 109 430 113 435; x_wconf 95' lang='lat'>.</span> <span class='ocrx_word' id='word_1_7' title='bbox 167 379 229 443; x_wconf 83' lang='lat' dir='ltr'>Vs.</span> <span class='ocrx_word' id='word_1_8' title='bbox 243 378 316 442; x_wconf 66' lang='grc'>460</span> <span class='ocrx_word' id='word_1_9' title='bbox 347 373 711 464; x_wconf 75' lang='grc' dir='ltr'>Φερίγγνονφρούρημα.</span> <span class='ocrx_word' id='word_1_10' title='bbox 733 370 1193 462; x_wconf 70' lang='lat' dir='ltr'>Laudat‘hinchom.Meg.</span> 
     </span>
     <span class='ocr_line' id='line_1_3' title="bbox 92 456 1194 610; baseline -0.005 -81"><span class='ocrx_word' id='word_1_11' title='bbox 92 474 119 537; x_wconf 82' lang='lat' dir='ltr'>et</span> <span class='ocrx_word' id='word_1_12' title='bbox 133 463 237 529; x_wconf 89' lang='lat' dir='ltr'>simul</span> <span class='ocrx_word' id='word_1_13' title='bbox 250 456 294 529; x_wconf 77' lang='grc' dir='ltr'>ὧν</span> <span class='ocrx_word' id='word_1_14' title='bbox 308 465 368 548; x_wconf 76' lang='grc' dir='ltr'>ἐγώ</span> <span class='ocrx_word' id='word_1_15' title='bbox 385 465 566 610; x_wconf 56' lang='lat' dir='ltr'>quinqueve,</span> <span class='ocrx_word' id='word_1_16' title='bbox 593 461 654 526; x_wconf 89' lang='lat' dir='ltr'>sed</span> <span class='ocrx_word' id='word_1_17' title='bbox 667 462 759 545; x_wconf 91' lang='lat' dir='ltr'>quod</span> <span class='ocrx_word' id='word_1_18' title='bbox 773 474 825 525; x_wconf 90' lang='lat' dir='ltr'>est</span> <span class='ocrx_word' id='word_1_19' title='bbox 835 460 938 547; x_wconf 88' lang='lat' dir='ltr'>Soph.</span> <span class='ocrx_word' id='word_1_20' title='bbox 951 463 987 524; x_wconf 91' lang='lat' dir='ltr'>in</span> <span class='ocrx_word' id='word_1_21' title='bbox 1004 460 1129 525; x_wconf 86' lang='lat' dir='ltr'>Electr.</span> <span class='ocrx_word' id='word_1_22' title='bbox 1146 480 1194 527; x_wconf 86' lang='grc' dir='ltr'><strong>νε.</strong></span> 
     </span>
     <span class='ocr_line' id='line_1_4' title="bbox 93 544 1152 634; baseline -0.005 -22"><span class='ocrx_word' id='word_1_23' title='bbox 93 550 153 614; x_wconf 77' lang='grc'><strong>917.</strong></span> <span class='ocrx_word' id='word_1_24' title='bbox 168 551 387 634; x_wconf 81' lang='lat' dir='ltr'>nonAeschy</span> <span class='ocrx_word' id='word_1_25' title='bbox 404 553 425 613; x_wconf 94' lang='lat' dir='ltr'>i.</span> <span class='ocrx_word' id='word_1_26' title='bbox 471 546 557 611; x_wconf 85' lang='lat' dir='ltr'>Mox</span> <span class='ocrx_word' id='word_1_27' title='bbox 574 567 621 613; x_wconf 83' lang='grc' dir='ltr'><strong>νε.</strong></span> <span class='ocrx_word' id='word_1_28' title='bbox 638 548 709 613; x_wconf 84' lang='grc'><strong>459.</strong></span> <span class='ocrx_word' id='word_1_29' title='bbox 724 551 760 609; x_wconf 84' lang='lat' dir='ltr'>in</span> <span class='ocrx_word' id='word_1_30' title='bbox 782 544 897 611; x_wconf 87' lang='lat' dir='ltr'>Schol.</span> <span class='ocrx_word' id='word_1_31' title='bbox 911 545 948 609; x_wconf 90' lang='grc' dir='ltr'>Β.</span> <span class='ocrx_word' id='word_1_32' title='bbox 963 544 984 609; x_wconf 88' lang='lat' dir='ltr'>l.</span> <span class='ocrx_word' id='word_1_33' title='bbox 1000 545 1152 611; x_wconf 75' lang='grc' dir='ltr'><strong><em>κωλύσειε.</em></strong></span> 
     </span>
    </p>

    <p class='ocr_par' dir='ltr' id='par_1_3' title="bbox 80 629 1276 1655">
     <span class='ocr_line' id='line_1_5' title="bbox 167 629 1255 721; baseline -0.002 -26"><span class='ocrx_word' id='word_1_34' title='bbox 167 632 247 721; x_wconf 71' lang='lat' dir='ltr'>lle.</span> <span class='ocrx_word' id='word_1_35' title='bbox 263 637 335 700; x_wconf 80' lang='lat'><strong>466.</strong></span> <span class='ocrx_word' id='word_1_36' title='bbox 362 632 509 699; x_wconf 75' lang='lat' dir='ltr'>··Hdlcuur</span> <span class='ocrx_word' id='word_1_37' title='bbox 522 635 657 715; x_wconf 75' lang='grc' dir='ltr'>Νηίτισι.</span> <span class='ocrx_word' id='word_1_38' title='bbox 711 630 763 696; x_wconf 82' lang='lat' dir='ltr'>An</span> <span class='ocrx_word' id='word_1_39' title='bbox 783 635 896 717; x_wconf 88' lang='lat' dir='ltr'>potius</span> <span class='ocrx_word' id='word_1_40' title='bbox 916 629 1076 716; x_wconf 70' lang='lat' dir='ltr'>Nq&#39;a&#39;tpoc&#39;?</span> <span class='ocrx_word' id='word_1_41' title='bbox 1104 640 1194 695; x_wconf 84' lang='lat' dir='ltr'>certe</span> <span class='ocrx_word' id='word_1_42' title='bbox 1205 639 1255 693; x_wconf 81' lang='grc'>100</span> 
     </span>
     <span class='ocr_line' id='line_1_6' title="bbox 93 715 1276 804; baseline -0.002 -23"><span class='ocrx_word' id='word_1_43' title='bbox 93 720 217 801; x_wconf 65' lang='lat' dir='ltr'>linitae,</span> <span class='ocrx_word' id='word_1_44' title='bbox 240 739 307 783; x_wconf 91' lang='lat' dir='ltr'>non</span> <span class='ocrx_word' id='word_1_45' title='bbox 321 721 474 802; x_wconf 71' lang='grc' dir='ltr'>Νηίειύας</span> <span class='ocrx_word' id='word_1_46' title='bbox 489 728 584 782; x_wconf 87' lang='lat' dir='ltr'>vocat</span> <span class='ocrx_word' id='word_1_47' title='bbox 592 717 710 804; x_wconf 88' lang='lat' dir='ltr'>Eurip.</span> <span class='ocrx_word' id='word_1_48' title='bbox 719 721 754 780; x_wconf 91' lang='lat' dir='ltr'>in</span> <span class='ocrx_word' id='word_1_49' title='bbox 763 716 888 786; x_wconf 81' lang='lat' dir='ltr'>Phoen.</span> <span class='ocrx_word' id='word_1_50' title='bbox 902 736 947 782; x_wconf 90' lang='lat' dir='ltr'>vs.</span> <span class='ocrx_word' id='word_1_51' title='bbox 961 722 1047 781; x_wconf 89' lang='lat'><strong>1111.</strong></span> <span class='ocrx_word' id='word_1_52' title='bbox 1062 727 1095 779; x_wconf 90' lang='lat' dir='ltr'>et</span> <span class='ocrx_word' id='word_1_53' title='bbox 1104 715 1195 779; x_wconf 86' lang='lat' dir='ltr'>Pau·</span> <span class='ocrx_word' id='word_1_54' title='bbox 1270 742 1276 747; x_wconf 95' lang='lat'>·</span> 
     </span>
     <span class='ocr_line' id='line_1_7' title="bbox 92 798 1248 888; baseline -0.003 -22"><span class='ocrx_word' id='word_1_55' title='bbox 92 821 151 867; x_wconf 81' lang='lat' dir='ltr'>nn.</span> <span class='ocrx_word' id='word_1_56' title='bbox 170 807 209 867; x_wconf 90' lang='lat' dir='ltr'>in</span> <span class='ocrx_word' id='word_1_57' title='bbox 223 804 373 868; x_wconf 87' lang='lat' dir='ltr'>Boeotic.</span> <span class='ocrx_word' id='word_1_58' title='bbox 398 803 456 869; x_wconf 89' lang='lat' dir='ltr'>lib.</span> <span class='ocrx_word' id='word_1_59' title='bbox 471 804 529 867; x_wconf 89' lang='lat' dir='ltr'>lX.</span> <span class='ocrx_word' id='word_1_60' title='bbox 552 825 579 866; x_wconf 90' lang='lat' dir='ltr'>c.</span> <span class='ocrx_word' id='word_1_61' title='bbox 594 806 626 866; x_wconf 86' lang='lat'>8.</span> <span class='ocrx_word' id='word_1_62' title='bbox 646 805 771 867; x_wconf 90' lang='lat' dir='ltr'>iterum</span> <span class='ocrx_word' id='word_1_63' title='bbox 790 812 901 865; x_wconf 86' lang='lat' dir='ltr'>tamen</span> <span class='ocrx_word' id='word_1_64' title='bbox 924 802 1013 888; x_wconf 86' lang='lat' dir='ltr'>apud</span> <span class='ocrx_word' id='word_1_65' title='bbox 1030 798 1143 865; x_wconf 85' lang='lat' dir='ltr'>Schol.</span> <span class='ocrx_word' id='word_1_66' title='bbox 1156 798 1195 862; x_wconf 92' lang='grc' dir='ltr'>Β.</span> <span class='ocrx_word' id='word_1_67' title='bbox 1243 816 1248 823; x_wconf 87' lang='grc'><em>·</em></span> 
     </span>
     <span class='ocr_line' id='line_1_8' title="bbox 91 881 1196 975; baseline -0.002 -25"><span class='ocrx_word' id='word_1_68' title='bbox 91 888 172 952; x_wconf 73' lang='grc' dir='ltr'>ἰαίνει</span> <span class='ocrx_word' id='word_1_69' title='bbox 190 891 319 956; x_wconf 79' lang='grc' dir='ltr'><strong>νε.492.</strong></span> <span class='ocrx_word' id='word_1_70' title='bbox 331 893 438 972; x_wconf 73' lang='grc' dir='ltr'>Νηίαι.</span> <span class='ocrx_word' id='word_1_71' title='bbox 483 886 648 975; x_wconf 79' lang='lat' dir='ltr'>Hesych.:</span> <span class='ocrx_word' id='word_1_72' title='bbox 667 890 775 970; x_wconf 76' lang='grc' dir='ltr'><strong><em>Νηίσι,</em></strong></span> <span class='ocrx_word' id='word_1_73' title='bbox 796 896 865 963; x_wconf 79' lang='grc' dir='ltr'><strong><em>ταῖς</em></strong></span> <span class='ocrx_word' id='word_1_74' title='bbox 876 883 1005 965; x_wconf 83' lang='grc' dir='ltr'>πύλαις,</span> <span class='ocrx_word' id='word_1_75' title='bbox 1026 897 1099 960; x_wconf 79' lang='grc' dir='ltr'><strong><em>ταῖς</em></strong></span> <span class='ocrx_word' id='word_1_76' title='bbox 1107 881 1196 971; x_wconf 74' lang='lat' dir='ltr'>nqui-</span> 
     </span>
     <span class='ocr_line' id='line_1_9' title="bbox 89 967 1195 1059; baseline -0.005 -22"><span class='ocrx_word' id='word_1_77' title='bbox 89 996 160 1049; x_wconf 73' lang='grc' dir='ltr'>ταις.</span> <span class='ocrx_word' id='word_1_78' title='bbox 212 974 377 1039; x_wconf 79' lang='lat' dir='ltr'>Rescribo</span> <span class='ocrx_word' id='word_1_79' title='bbox 400 995 445 1039; x_wconf 86' lang='lat' dir='ltr'>ex</span> <span class='ocrx_word' id='word_1_80' title='bbox 464 972 630 1059; x_wconf 85' lang='lat' dir='ltr'>Euripide</span> <span class='ocrx_word' id='word_1_81' title='bbox 645 976 779 1055; x_wconf 75' lang='grc' dir='ltr'><strong><em>Νηίταις</em></strong></span> <span class='ocrx_word' id='word_1_82' title='bbox 793 968 922 1051; x_wconf 75' lang='grc' dir='ltr'>πύλαις,</span> <span class='ocrx_word' id='word_1_83' title='bbox 951 981 1020 1046; x_wconf 80' lang='grc' dir='ltr'><strong><em>ταῖς</em></strong></span> <span class='ocrx_word' id='word_1_84' title='bbox 1039 967 1195 1054; x_wconf 73' lang='grc' dir='ltr'>πρώταιςε</span> 
     </span>
     <span class='ocr_line' id='line_1_10' title="bbox 87 1057 1195 1144; baseline -0.005 -21"><span class='ocrx_word' id='word_1_85' title='bbox 87 1057 175 1143; x_wconf 89' lang='lat' dir='ltr'>quod</span> <span class='ocrx_word' id='word_1_86' title='bbox 198 1058 282 1122; x_wconf 91' lang='lat' dir='ltr'>dum</span> <span class='ocrx_word' id='word_1_87' title='bbox 306 1074 388 1123; x_wconf 87' lang='lat' dir='ltr'>noto</span> <span class='ocrx_word' id='word_1_88' title='bbox 409 1059 525 1123; x_wconf 84' lang='lat' dir='ltr'>oculos</span> <span class='ocrx_word' id='word_1_89' title='bbox 549 1069 751 1123; x_wconf 86' lang='lat' dir='ltr'>convertens</span> <span class='ocrx_word' id='word_1_90' title='bbox 776 1061 813 1119; x_wconf 89' lang='lat' dir='ltr'>in</span> <span class='ocrx_word' id='word_1_91' title='bbox 832 1059 978 1140; x_wconf 78' lang='lat' dir='ltr'>glossam</span> <span class='ocrx_word' id='word_1_92' title='bbox 992 1060 1195 1144; x_wconf 84' lang='lat' dir='ltr'>proximant,</span> 
     </span>
     <span class='ocr_line' id='line_1_11' title="bbox 85 1139 1196 1228; baseline -0.004 -21"><span class='ocrx_word' id='word_1_93' title='bbox 85 1146 215 1227; x_wconf 66' lang='grc' dir='ltr'><strong><em>Νηίθη,</em></strong></span> <span class='ocrx_word' id='word_1_94' title='bbox 232 1142 369 1227; x_wconf 70' lang='grc' dir='ltr'>Ἀθηνᾶ,</span> <span class='ocrx_word' id='word_1_95' title='bbox 391 1144 490 1210; x_wconf 90' lang='lat' dir='ltr'>viden</span> <span class='ocrx_word' id='word_1_96' title='bbox 508 1142 688 1228; x_wconf 83' lang='lat' dir='ltr'>legendum</span> <span class='ocrx_word' id='word_1_97' title='bbox 702 1146 811 1226; x_wconf 74' lang='grc' dir='ltr'><strong><em>Νηίθ,</em></strong></span> <span class='ocrx_word' id='word_1_98' title='bbox 833 1139 911 1225; x_wconf 79' lang='grc' dir='ltr'>ἦἈ.</span> <span class='ocrx_word' id='word_1_99' title='bbox 955 1142 1023 1206; x_wconf 85' lang='lat' dir='ltr'>Sed</span> <span class='ocrx_word' id='word_1_100' title='bbox 1037 1146 1196 1207; x_wconf 87' lang='lat' dir='ltr'>viderunt</span> 
     </span>
     <span class='ocr_line' id='line_1_12' title="bbox 81 1227 1196 1313; baseline -0.007 -16"><span class='ocrx_word' id='word_1_101' title='bbox 81 1228 119 1297; x_wconf 73' lang='lat' dir='ltr'>ld</span> <span class='ocrx_word' id='word_1_102' title='bbox 135 1229 289 1293; x_wconf 84' lang='lat' dir='ltr'>fortasse</span> <span class='ocrx_word' id='word_1_103' title='bbox 306 1239 384 1293; x_wconf 83' lang='lat' dir='ltr'>ante</span> <span class='ocrx_word' id='word_1_104' title='bbox 404 1249 468 1292; x_wconf 91' lang='lat' dir='ltr'>nos</span> <span class='ocrx_word' id='word_1_105' title='bbox 488 1227 563 1306; x_wconf 89' lang='lat' dir='ltr'>alii,</span> <span class='ocrx_word' id='word_1_106' title='bbox 605 1228 697 1312; x_wconf 92' lang='lat' dir='ltr'>quod</span> <span class='ocrx_word' id='word_1_107' title='bbox 723 1232 993 1313; x_wconf 85' lang='lat' dir='ltr'>quotiescunque</span> <span class='ocrx_word' id='word_1_108' title='bbox 1022 1227 1196 1302; x_wconf 84' lang='lat' dir='ltr'>acciderit,</span> 
     </span>
     <span class='ocr_line' id='line_1_13' title="bbox 80 1310 1196 1401; baseline -0.004 -22"><span class='ocrx_word' id='word_1_109' title='bbox 80 1316 183 1399; x_wconf 73' lang='lat' dir='ltr'>sicuti</span> <span class='ocrx_word' id='word_1_110' title='bbox 194 1333 335 1401; x_wconf 84' lang='lat' dir='ltr'>operam</span> <span class='ocrx_word' id='word_1_111' title='bbox 349 1315 540 1400; x_wconf 77' lang='lat' dir='ltr'>perdidisse</span> <span class='ocrx_word' id='word_1_112' title='bbox 553 1334 660 1398; x_wconf 87' lang='lat' dir='ltr'>aequo</span> <span class='ocrx_word' id='word_1_113' title='bbox 674 1316 778 1377; x_wconf 85' lang='lat' dir='ltr'>ieram</span> <span class='ocrx_word' id='word_1_114' title='bbox 792 1317 924 1389; x_wconf 90' lang='lat' dir='ltr'>animo,</span> <span class='ocrx_word' id='word_1_115' title='bbox 947 1315 996 1376; x_wconf 90' lang='lat' dir='ltr'>sic</span> <span class='ocrx_word' id='word_1_116' title='bbox 1009 1310 1111 1399; x_wconf 90' lang='lat' dir='ltr'>plagii</span> <span class='ocrx_word' id='word_1_117' title='bbox 1126 1312 1196 1375; x_wconf 83' lang='lat' dir='ltr'>erl-</span> 
     </span>
     <span class='ocr_line' id='line_1_14' title="bbox 80 1393 1197 1483; baseline -0.002 -22"><span class='ocrx_word' id='word_1_118' title='bbox 80 1418 160 1463; x_wconf 86' lang='lat' dir='ltr'>men</span> <span class='ocrx_word' id='word_1_119' title='bbox 177 1419 353 1483; x_wconf 88' lang='lat' dir='ltr'>nunquam</span> <span class='ocrx_word' id='word_1_120' title='bbox 371 1404 598 1464; x_wconf 83' lang='lat' dir='ltr'>extimescam.</span> <span class='ocrx_word' id='word_1_121' title='bbox 648 1399 733 1463; x_wconf 87' lang='lat' dir='ltr'>Mox</span> <span class='ocrx_word' id='word_1_122' title='bbox 747 1419 904 1482; x_wconf 90' lang='lat' dir='ltr'>nequem</span> <span class='ocrx_word' id='word_1_123' title='bbox 919 1411 1071 1461; x_wconf 89' lang='lat' dir='ltr'>moretur</span> <span class='ocrx_word' id='word_1_124' title='bbox 1083 1393 1197 1461; x_wconf 83' lang='lat' dir='ltr'>Scho-</span> 
     </span>
     <span class='ocr_line' id='line_1_15' title="bbox 80 1479 1194 1570; baseline -0.003 -23"><span class='ocrx_word' id='word_1_125' title='bbox 80 1480 153 1547; x_wconf 87' lang='lat' dir='ltr'>lion</span> <span class='ocrx_word' id='word_1_126' title='bbox 168 1484 214 1547; x_wconf 87' lang='lat' dir='ltr'>ad</span> <span class='ocrx_word' id='word_1_127' title='bbox 230 1504 362 1549; x_wconf 79' lang='lat' dir='ltr'>versum</span> <span class='ocrx_word' id='word_1_128' title='bbox 375 1495 572 1568; x_wconf 88' lang='lat' dir='ltr'>sequentem</span> <span class='ocrx_word' id='word_1_129' title='bbox 585 1481 648 1570; x_wconf 85' lang='lat' dir='ltr'>leg.</span> <span class='ocrx_word' id='word_1_130' title='bbox 663 1479 891 1569; x_wconf 78' lang='grc' dir='ltr'>φρυύπουσας.</span> <span class='ocrx_word' id='word_1_131' title='bbox 909 1487 959 1546; x_wconf 90' lang='lat' dir='ltr'>sic</span> <span class='ocrx_word' id='word_1_132' title='bbox 970 1486 1096 1547; x_wconf 68' lang='lat' dir='ltr'>vssst.</span> <span class='ocrx_word' id='word_1_133' title='bbox 1109 1481 1194 1545; x_wconf 73' lang='lat' dir='ltr'>inna-</span> 
     </span>
     <span class='ocr_line' id='line_1_16' title="bbox 81 1564 1196 1655; baseline -0.004 -22"><span class='ocrx_word' id='word_1_134' title='bbox 81 1568 120 1634; x_wconf 74' lang='grc' dir='ltr'>κὰ</span> <span class='ocrx_word' id='word_1_135' title='bbox 133 1564 339 1655; x_wconf 78' lang='grc' dir='ltr'><strong>φρυάγματα.</strong></span> <span class='ocrx_word' id='word_1_136' title='bbox 353 1569 429 1633; x_wconf 93' lang='lat' dir='ltr'>add.</span> <span class='ocrx_word' id='word_1_137' title='bbox 447 1567 578 1634; x_wconf 88' lang='lat' dir='ltr'>Gallim.</span> <span class='ocrx_word' id='word_1_138' title='bbox 595 1566 627 1632; x_wconf 94' lang='lat' dir='ltr'>h.</span> <span class='ocrx_word' id='word_1_139' title='bbox 638 1568 764 1633; x_wconf 86' lang='lat' dir='ltr'>Pallad.</span> <span class='ocrx_word' id='word_1_140' title='bbox 786 1589 831 1635; x_wconf 83' lang='lat' dir='ltr'>vs.</span> <span class='ocrx_word' id='word_1_141' title='bbox 848 1574 877 1633; x_wconf 79' lang='lat'>2.</span> <span class='ocrx_word' id='word_1_142' title='bbox 901 1580 935 1631; x_wconf 91' lang='lat' dir='ltr'>et</span> <span class='ocrx_word' id='word_1_143' title='bbox 952 1569 998 1631; x_wconf 93' lang='lat' dir='ltr'>ibi</span> <span class='ocrx_word' id='word_1_144' title='bbox 1015 1566 1196 1655; x_wconf 83' lang='lat' dir='ltr'>Spanb&#39;etn.</span> 
     </span>
    </p>
   </div>
   <div class='ocr_carea' id='block_1_3' title="bbox 81 1667 1278 2335">
    <p class='ocr_par' dir='ltr' id='par_1_4' title="bbox 81 1667 1278 2335">
     <span class='ocr_line' id='line_1_17' title="bbox 93 1667 1197 1759; baseline 0.004 -28"><span class='ocrx_word' id='word_1_145' title='bbox 93 1674 97 1679; x_wconf 87' lang='lat'>&#39;</span> <span class='ocrx_word' id='word_1_146' title='bbox 167 1670 228 1733; x_wconf 85' lang='lat' dir='ltr'>Vs.</span> <span class='ocrx_word' id='word_1_147' title='bbox 244 1672 316 1759; x_wconf 79' lang='grc'><strong>478.</strong></span> <span class='ocrx_word' id='word_1_148' title='bbox 347 1670 412 1737; x_wconf 65' lang='lat' dir='ltr'>Etr</span> <span class='ocrx_word' id='word_1_149' title='bbox 423 1667 502 1758; x_wconf 75' lang='grc' dir='ltr'><strong><em>τύχῃ</em></strong></span> <span class='ocrx_word' id='word_1_150' title='bbox 515 1670 566 1747; x_wconf 75' lang='lat' dir='ltr'>dl,</span> <span class='ocrx_word' id='word_1_151' title='bbox 586 1677 641 1759; x_wconf 76' lang='grc' dir='ltr'><strong>τῷ.</strong></span> <span class='ocrx_word' id='word_1_152' title='bbox 671 1670 739 1735; x_wconf 83' lang='lat' dir='ltr'>Alii</span> <span class='ocrx_word' id='word_1_153' title='bbox 754 1671 835 1735; x_wconf 91' lang='lat' dir='ltr'>libri</span> <span class='ocrx_word' id='word_1_154' title='bbox 851 1668 944 1735; x_wconf 86' lang='lat' dir='ltr'>nulla</span> <span class='ocrx_word' id='word_1_155' title='bbox 961 1672 1197 1735; x_wconf 79' lang='lat' dir='ltr'>intercedente</span> 
     </span>
     <span class='ocr_line' id='line_1_18' title="bbox 83 1753 1197 1843; baseline -0.002 -24"><span class='ocrx_word' id='word_1_156' title='bbox 83 1754 306 1819; x_wconf 87' lang='lat' dir='ltr'>distinctione</span> <span class='ocrx_word' id='word_1_157' title='bbox 321 1755 378 1820; x_wconf 75' lang='lat' dir='ltr'>clv</span> <span class='ocrx_word' id='word_1_158' title='bbox 391 1753 468 1843; x_wconf 75' lang='grc' dir='ltr'><strong><em>τύχῃ</em></strong></span> <span class='ocrx_word' id='word_1_159' title='bbox 483 1756 520 1821; x_wconf 69' lang='lat' dir='ltr'>dd</span> <span class='ocrx_word' id='word_1_160' title='bbox 531 1780 586 1843; x_wconf 82' lang='grc' dir='ltr'>τῳ,</span> <span class='ocrx_word' id='word_1_161' title='bbox 603 1758 726 1840; x_wconf 89' lang='lat' dir='ltr'>quibus</span> <span class='ocrx_word' id='word_1_162' title='bbox 741 1757 926 1821; x_wconf 84' lang='lat' dir='ltr'>subscribit</span> <span class='ocrx_word' id='word_1_163' title='bbox 942 1768 1061 1819; x_wconf 83' lang='lat' dir='ltr'>auctor</span> <span class='ocrx_word' id='word_1_164' title='bbox 1074 1775 1197 1818; x_wconf 86' lang='lat' dir='ltr'>recen-</span> 
     </span>
     <span class='ocr_line' id='line_1_19' title="bbox 81 1828 1278 1927; baseline -0.003 -22"><span class='ocrx_word' id='word_1_165' title='bbox 81 1828 211 1905; x_wconf 64' lang='lat' dir='ltr'>tiorum</span> <span class='ocrx_word' id='word_1_166' title='bbox 229 1838 346 1905; x_wconf 88' lang='lat' dir='ltr'>Schol.</span> <span class='ocrx_word' id='word_1_167' title='bbox 359 1844 394 1904; x_wconf 92' lang='lat' dir='ltr'>in</span> <span class='ocrx_word' id='word_1_168' title='bbox 411 1840 516 1926; x_wconf 89' lang='lat' dir='ltr'>Soph.</span> <span class='ocrx_word' id='word_1_169' title='bbox 533 1842 621 1906; x_wconf 90' lang='lat' dir='ltr'>Oed.</span> <span class='ocrx_word' id='word_1_170' title='bbox 639 1842 720 1927; x_wconf 90' lang='lat' dir='ltr'>Tyr.</span> <span class='ocrx_word' id='word_1_171' title='bbox 737 1860 784 1907; x_wconf 90' lang='lat' dir='ltr'>vs.</span> <span class='ocrx_word' id='word_1_172' title='bbox 798 1846 849 1907; x_wconf 89' lang='grc'>80.</span> <span class='ocrx_word' id='word_1_173' title='bbox 865 1862 930 1905; x_wconf 88' lang='lat' dir='ltr'>nec</span> <span class='ocrx_word' id='word_1_174' title='bbox 950 1840 1051 1904; x_wconf 85' lang='lat' dir='ltr'>babet</span> <span class='ocrx_word' id='word_1_175' title='bbox 1063 1845 1128 1903; x_wconf 90' lang='lat' dir='ltr'>ista</span> <span class='ocrx_word' id='word_1_176' title='bbox 1142 1838 1197 1903; x_wconf 82' lang='lat' dir='ltr'>le·</span> <span class='ocrx_word' id='word_1_177' title='bbox 1275 1864 1278 1871; x_wconf 94' lang='lat'>·</span> 
     </span>
     <span class='ocr_line' id='line_1_20' title="bbox 84 1922 1195 2012; baseline -0.002 -21"><span class='ocrx_word' id='word_1_178' title='bbox 84 1929 173 2005; x_wconf 85' lang='lat' dir='ltr'>etio,</span> <span class='ocrx_word' id='word_1_179' title='bbox 198 1925 290 2009; x_wconf 89' lang='lat' dir='ltr'>quod</span> <span class='ocrx_word' id='word_1_180' title='bbox 306 1947 375 1990; x_wconf 93' lang='lat' dir='ltr'>non</span> <span class='ocrx_word' id='word_1_181' title='bbox 393 1927 548 1990; x_wconf 89' lang='lat' dir='ltr'>admittat</span> <span class='ocrx_word' id='word_1_182' title='bbox 560 1924 696 2010; x_wconf 87' lang='lat' dir='ltr'>linguae</span> <span class='ocrx_word' id='word_1_183' title='bbox 711 1929 847 2010; x_wconf 82' lang='lat' dir='ltr'>genius3</span> <span class='ocrx_word' id='word_1_184' title='bbox 869 1932 941 2004; x_wconf 81' lang='grc' dir='ltr'><em>τοῦ,</em></span> <span class='ocrx_word' id='word_1_185' title='bbox 962 1932 1008 2012; x_wconf 74' lang='grc' dir='ltr'>τῷ</span> <span class='ocrx_word' id='word_1_186' title='bbox 1021 1946 1086 2010; x_wconf 88' lang='lat' dir='ltr'>pro</span> <span class='ocrx_word' id='word_1_187' title='bbox 1102 1922 1195 2003; x_wconf 78' lang='grc' dir='ltr'>τινός,</span> 
     </span>
     <span class='ocr_line' id='line_1_21' title="bbox 84 1996 1195 2097; baseline -0.004 -20"><span class='ocrx_word' id='word_1_188' title='bbox 84 2000 145 2077; x_wconf 71' lang='lat' dir='ltr'>ult</span> <span class='ocrx_word' id='word_1_189' title='bbox 154 2013 266 2077; x_wconf 90' lang='lat' dir='ltr'>omnis</span> <span class='ocrx_word' id='word_1_190' title='bbox 293 2023 372 2075; x_wconf 93' lang='lat' dir='ltr'>sunt</span> <span class='ocrx_word' id='word_1_191' title='bbox 390 2017 540 2097; x_wconf 84' lang='lat' dir='ltr'>generis,</span> <span class='ocrx_word' id='word_1_192' title='bbox 568 2012 662 2095; x_wconf 92' lang='lat' dir='ltr'>quod</span> <span class='ocrx_word' id='word_1_193' title='bbox 676 2012 732 2074; x_wconf 91' lang='lat' dir='ltr'>hic</span> <span class='ocrx_word' id='word_1_194' title='bbox 749 2032 818 2074; x_wconf 91' lang='lat' dir='ltr'>non</span> <span class='ocrx_word' id='word_1_195' title='bbox 836 2013 1004 2095; x_wconf 86' lang='lat' dir='ltr'>cogitabat</span> <span class='ocrx_word' id='word_1_196' title='bbox 1019 2011 1060 2074; x_wconf 90' lang='grc' dir='ltr'>Η.</span> <span class='ocrx_word' id='word_1_197' title='bbox 1077 2009 1135 2075; x_wconf 84' lang='lat' dir='ltr'>Ste</span> <span class='ocrx_word' id='word_1_198' title='bbox 1147 1996 1195 2093; x_wconf 61' lang='lat'>¹11.</span> 
     </span>
     <span class='ocr_line' id='line_1_22' title="bbox 90 2078 1196 2181; baseline -0.005 -20"><span class='ocrx_word' id='word_1_199' title='bbox 90 2094 191 2181; x_wconf 71' lang='lat' dir='ltr'>Soph.</span> <span class='ocrx_word' id='word_1_200' title='bbox 210 2094 353 2160; x_wconf 85' lang='lat' dir='ltr'>Ph&#39;iloct.</span> <span class='ocrx_word' id='word_1_201' title='bbox 373 2117 419 2163; x_wconf 86' lang='grc' dir='ltr'><strong>νε.</strong></span> <span class='ocrx_word' id='word_1_202' title='bbox 431 2100 502 2160; x_wconf 83' lang='lat'><strong>784.</strong></span> <span class='ocrx_word' id='word_1_203' title='bbox 519 2094 599 2180; x_wconf 79' lang='grc' dir='ltr'><strong><em>ῥύκη</em></strong></span> <span class='ocrx_word' id='word_1_204' title='bbox 613 2098 743 2181; x_wconf 74' lang='grc' dir='ltr'><strong><em>βαρείας</em></strong></span> <span class='ocrx_word' id='word_1_205' title='bbox 758 2121 814 2162; x_wconf 84' lang='grc' dir='ltr'>του</span> <span class='ocrx_word' id='word_1_206' title='bbox 825 2098 988 2178; x_wconf 77' lang='grc' dir='ltr'><strong><em>νοσηλείας</em></strong></span> <span class='ocrx_word' id='word_1_207' title='bbox 1000 2095 1087 2161; x_wconf 64' lang='grc' dir='ltr'>πιλία.</span> <span class='ocrx_word' id='word_1_208' title='bbox 1149 2078 1196 2157; x_wconf 79' lang='lat' dir='ltr'>id&#39;.</span> 
     </span>
     <span class='ocr_line' id='line_1_23' title="bbox 89 2178 1195 2269; baseline -0.002 -25"><span class='ocrx_word' id='word_1_209' title='bbox 89 2180 203 2245; x_wconf 82' lang='lat' dir='ltr'>multis</span> <span class='ocrx_word' id='word_1_210' title='bbox 224 2180 398 2268; x_wconf 74' lang='lat' dir='ltr'>Stolberg.</span> <span class='ocrx_word' id='word_1_211' title='bbox 424 2182 466 2246; x_wconf 88' lang='lat' dir='ltr'>ad</span> <span class='ocrx_word' id='word_1_212' title='bbox 487 2180 577 2248; x_wconf 86' lang='lat' dir='ltr'>Aiac&#39;.</span> <span class='ocrx_word' id='word_1_213' title='bbox 607 2201 655 2248; x_wconf 93' lang='lat' dir='ltr'>vs.</span> <span class='ocrx_word' id='word_1_214' title='bbox 676 2186 749 2249; x_wconf 78' lang='lat'><strong>293.</strong></span> <span class='ocrx_word' id='word_1_215' title='bbox 778 2196 813 2247; x_wconf 90' lang='lat' dir='ltr'>et</span> <span class='ocrx_word' id='word_1_216' title='bbox 832 2182 974 2248; x_wconf 88' lang='lat' dir='ltr'>Triclin.</span> <span class='ocrx_word' id='word_1_217' title='bbox 1004 2182 1046 2244; x_wconf 89' lang='lat' dir='ltr'>ad</span> <span class='ocrx_word' id='word_1_218' title='bbox 1068 2178 1195 2269; x_wconf 77' lang='lat' dir='ltr'>Electr.</span> 
     </span>
     <span class='ocr_line' id='line_1_24' title="bbox 87 2270 1128 2335; baseline -0.006 0"><span class='ocrx_word' id='word_1_219' title='bbox 87 2270 218 2335; x_wconf 73' lang='lat' dir='ltr'>rs982.</span> <span class='ocrx_word' id='word_1_220' title='bbox 1121 2274 1128 2285; x_wconf 91' lang='lat'>·</span> 
     </span>
    </p>
   </div>
   <div class='ocr_carea' id='block_1_4' title="bbox 90 2340 1256 2965">
    <p class='ocr_par' dir='ltr' id='par_1_5' title="bbox 90 2340 1256 2965">
     <span class='ocr_line' id='line_1_25' title="bbox 111 2340 1199 2459; baseline 0.006 -30"><span class='ocrx_word' id='word_1_221' title='bbox 111 2340 139 2431; x_wconf 57' lang='lat'>..¹⁸</span> <span class='ocrx_word' id='word_1_222' title='bbox 167 2365 318 2441; x_wconf 65' lang='lat' dir='ltr'>Vulso.</span> <span class='ocrx_word' id='word_1_223' title='bbox 357 2364 428 2443; x_wconf 84' lang='grc' dir='ltr'>Τύς</span> <span class='ocrx_word' id='word_1_224' title='bbox 442 2394 489 2433; x_wconf 83' lang='grc' dir='ltr'>να</span> <span class='ocrx_word' id='word_1_225' title='bbox 503 2368 584 2444; x_wconf 80' lang='grc' dir='ltr'>Ζεύς</span> <span class='ocrx_word' id='word_1_226' title='bbox 602 2370 711 2434; x_wconf 75' lang='grc' dir='ltr'>ἐπίδοι.</span> <span class='ocrx_word' id='word_1_227' title='bbox 755 2368 859 2433; x_wconf 88' lang='lat' dir='ltr'>Recte</span> <span class='ocrx_word' id='word_1_228' title='bbox 874 2366 987 2433; x_wconf 89' lang='lat' dir='ltr'>Schol.</span> <span class='ocrx_word' id='word_1_229' title='bbox 1001 2368 1040 2433; x_wconf 79' lang='lat' dir='ltr'>A.</span> <span class='ocrx_word' id='word_1_230' title='bbox 1062 2370 1111 2435; x_wconf 76' lang='grc' dir='ltr'>νίν</span> <span class='ocrx_word' id='word_1_231' title='bbox 1129 2354 1199 2459; x_wconf 61' lang='grc' dir='ltr'>ὲῇἓ·</span> 
     </span>
     <span class='ocr_line' id='line_1_26' title="bbox 91 2448 1211 2539; baseline 0.011 -26"><span class='ocrx_word' id='word_1_232' title='bbox 91 2455 183 2539; x_wconf 89' lang='lat' dir='ltr'>ponit</span> <span class='ocrx_word' id='word_1_233' title='bbox 206 2448 340 2532; x_wconf 75' lang='grc' dir='ltr'>αύτούς,</span> <span class='ocrx_word' id='word_1_234' title='bbox 375 2475 438 2517; x_wconf 90' lang='lat' dir='ltr'>nec</span> <span class='ocrx_word' id='word_1_235' title='bbox 458 2454 602 2519; x_wconf 86' lang='lat' dir='ltr'>debebat</span> <span class='ocrx_word' id='word_1_236' title='bbox 621 2459 656 2517; x_wconf 85' lang='lat' dir='ltr'>in</span> <span class='ocrx_word' id='word_1_237' title='bbox 680 2454 821 2517; x_wconf 88' lang='lat' dir='ltr'>dubium</span> <span class='ocrx_word' id='word_1_238' title='bbox 842 2473 980 2520; x_wconf 83' lang='lat' dir='ltr'>vocasse</span> <span class='ocrx_word' id='word_1_239' title='bbox 995 2455 1211 2525; x_wconf 78' lang='lat' dir='ltr'>bunousinn&#39;</span> 
     </span>
     <span class='ocr_line' id='line_1_27' title="bbox 90 2536 1196 2623; baseline 0 -22"><span class='ocrx_word' id='word_1_240' title='bbox 90 2536 187 2618; x_wconf 83' lang='lat' dir='ltr'>elter3</span> <span class='ocrx_word' id='word_1_241' title='bbox 216 2556 404 2620; x_wconf 90' lang='lat' dir='ltr'>quanquam</span> <span class='ocrx_word' id='word_1_242' title='bbox 426 2544 542 2603; x_wconf 88' lang='lat' dir='ltr'>eadem</span> <span class='ocrx_word' id='word_1_243' title='bbox 568 2554 619 2603; x_wconf 85' lang='lat' dir='ltr'>est</span> <span class='ocrx_word' id='word_1_244' title='bbox 640 2537 825 2604; x_wconf 84' lang='lat' dir='ltr'>Aristarchi</span> <span class='ocrx_word' id='word_1_245' title='bbox 846 2539 1023 2605; x_wconf 87' lang='lat' dir='ltr'>haesitatio</span> <span class='ocrx_word' id='word_1_246' title='bbox 1041 2544 1076 2602; x_wconf 93' lang='lat' dir='ltr'>in</span> <span class='ocrx_word' id='word_1_247' title='bbox 1100 2540 1196 2623; x_wconf 85' lang='lat' dir='ltr'>Pind.</span> 
     </span>
     <span class='ocr_line' id='line_1_28' title="bbox 92 2610 1256 2774; baseline 0.003 -87"><span class='ocrx_word' id='word_1_248' title='bbox 92 2622 183 2687; x_wconf 76' lang='lat' dir='ltr'>nem.</span> <span class='ocrx_word' id='word_1_249' title='bbox 198 2619 265 2685; x_wconf 80' lang='lat' dir='ltr'>oa.</span> <span class='ocrx_word' id='word_1_250' title='bbox 288 2620 304 2709; x_wconf 73' lang='grc' dir='ltr'><strong>Η</strong></span> <span class='ocrx_word' id='word_1_251' title='bbox 326 2623 383 2685; x_wconf 78' lang='grc' dir='ltr'>ιν.</span> <span class='ocrx_word' id='word_1_252' title='bbox 399 2643 447 2688; x_wconf 75' lang='lat' dir='ltr'>vs.</span> <span class='ocrx_word' id='word_1_253' title='bbox 462 2625 491 2690; x_wconf 89' lang='lat'>5.</span> <span class='ocrx_word' id='word_1_254' title='bbox 513 2626 558 2774; x_wconf 60' lang='lat' dir='ltr'>p.</span> <span class='ocrx_word' id='word_1_255' title='bbox 575 2625 628 2710; x_wconf 77' lang='lat' dir='ltr'>n]</span> <span class='ocrx_word' id='word_1_256' title='bbox 650 2626 710 2689; x_wconf 79' lang='lat' dir='ltr'>un</span> <span class='ocrx_word' id='word_1_257' title='bbox 733 2624 899 2713; x_wconf 72' lang='lat' dir='ltr'>Didymus</span> <span class='ocrx_word' id='word_1_258' title='bbox 922 2625 1032 2688; x_wconf 75' lang='lat' dir='ltr'>finnat</span> <span class='ocrx_word' id='word_1_259' title='bbox 1052 2610 1191 2713; x_wconf 67' lang='lat' dir='ltr'>script}</span> <span class='ocrx_word' id='word_1_260' title='bbox 1207 2628 1256 2682; x_wconf 75' lang='grc' dir='ltr'>ια</span> 
     </span>
     <span class='ocr_line' id='line_1_29' title="bbox 92 2706 1214 2797; baseline 0.001 -26"><span class='ocrx_word' id='word_1_261' title='bbox 92 2706 141 2773; x_wconf 88' lang='lat' dir='ltr'>dis</span> <span class='ocrx_word' id='word_1_262' title='bbox 157 2710 317 2794; x_wconf 88' lang='lat' dir='ltr'>exemplo</span> <span class='ocrx_word' id='word_1_263' title='bbox 330 2706 381 2789; x_wconf 79' lang='lat'>*);</span> <span class='ocrx_word' id='word_1_264' title='bbox 410 2707 496 2773; x_wconf 89' lang='lat' dir='ltr'>adde</span> <span class='ocrx_word' id='word_1_265' title='bbox 542 2710 620 2797; x_wconf 90' lang='lat' dir='ltr'>oph.</span> <span class='ocrx_word' id='word_1_266' title='bbox 643 2714 677 2773; x_wconf 93' lang='lat' dir='ltr'>in</span> <span class='ocrx_word' id='word_1_267' title='bbox 693 2708 820 2773; x_wconf 84' lang='lat' dir='ltr'>Electr.</span> <span class='ocrx_word' id='word_1_268' title='bbox 837 2731 886 2778; x_wconf 81' lang='grc' dir='ltr'><strong>νε.</strong></span> <span class='ocrx_word' id='word_1_269' title='bbox 900 2712 972 2776; x_wconf 84' lang='lat'><strong>439.</strong></span> <span class='ocrx_word' id='word_1_270' title='bbox 998 2712 1139 2775; x_wconf 91' lang='lat' dir='ltr'>eandem</span> <span class='ocrx_word' id='word_1_271' title='bbox 1160 2712 1214 2789; x_wconf 59' lang='lat' dir='ltr'>,m</span> 
     </span>
     <span class='ocr_line' id='line_1_30' title="bbox 92 2792 1198 2879; baseline 0.007 -22"><span class='ocrx_word' id='word_1_272' title='bbox 92 2812 160 2857; x_wconf 84' lang='lat' dir='ltr'>rem</span> <span class='ocrx_word' id='word_1_273' title='bbox 171 2812 306 2877; x_wconf 87' lang='lat' dir='ltr'>qunque</span> <span class='ocrx_word' id='word_1_274' title='bbox 323 2794 528 2879; x_wconf 85' lang='lat' dir='ltr'>productum</span> <span class='ocrx_word' id='word_1_275' title='bbox 544 2796 689 2864; x_wconf 82' lang='lat' dir='ltr'>aSuida.</span> <span class='ocrx_word' id='word_1_276' title='bbox 712 2812 761 2862; x_wconf 92' lang='grc' dir='ltr'><strong>νε.</strong></span> <span class='ocrx_word' id='word_1_277' title='bbox 776 2794 849 2862; x_wconf 73' lang='lat'><strong>492.</strong></span> <span class='ocrx_word' id='word_1_278' title='bbox 865 2809 899 2861; x_wconf 87' lang='lat' dir='ltr'>et</span> <span class='ocrx_word' id='word_1_279' title='bbox 913 2798 987 2861; x_wconf 80' lang='lat'><strong>508.</strong></span> <span class='ocrx_word' id='word_1_280' title='bbox 1003 2800 1086 2860; x_wconf 83' lang='lat' dir='ltr'>citet</span> <span class='ocrx_word' id='word_1_281' title='bbox 1098 2792 1198 2865; x_wconf 75' lang='lat' dir='ltr'>Tho-</span> 
     </span>
     <span class='ocr_line' id='line_1_31' title="bbox 92 2876 1173 2965; baseline -0.001 -22"><span class='ocrx_word' id='word_1_282' title='bbox 92 2896 158 2943; x_wconf 76' lang='lat' dir='ltr'>ms</span> <span class='ocrx_word' id='word_1_283' title='bbox 169 2876 258 2965; x_wconf 81' lang='lat' dir='ltr'>Mag.</span> <span class='ocrx_word' id='word_1_284' title='bbox 273 2899 302 2942; x_wconf 84' lang='grc' dir='ltr'><strong>ν.</strong></span> <span class='ocrx_word' id='word_1_285' title='bbox 317 2879 434 2963; x_wconf 77' lang='grc' dir='ltr'><strong>γείτων.</strong></span> <span class='ocrx_word' id='word_1_286' title='bbox 1145 2878 1151 2885; x_wconf 72' lang='grc'>’</span> <span class='ocrx_word' id='word_1_287' title='bbox 1170 2876 1173 2887; x_wconf 79' lang='lat'>&#39;</span> 
     </span>
    </p>
   </div>
   <div class='ocr_carea' id='block_1_5' title="bbox 95 2973 1227 3739">
    <p class='ocr_par' dir='ltr' id='par_1_6' title="bbox 95 2973 1227 3739">
     <span class='ocr_line' id='line_1_32' title="bbox 169 2973 1197 3064; baseline 0.002 -24"><span class='ocrx_word' id='word_1_288' title='bbox 169 2978 231 3041; x_wconf 81' lang='lat' dir='ltr'>Vs.</span> <span class='ocrx_word' id='word_1_289' title='bbox 255 2976 329 3043; x_wconf 86' lang='lat'><strong>509.</strong></span> <span class='ocrx_word' id='word_1_290' title='bbox 365 2974 535 3061; x_wconf 78' lang='grc' dir='ltr'>Δράκοντα</span> <span class='ocrx_word' id='word_1_291' title='bbox 551 2975 713 3061; x_wconf 77' lang='grc' dir='ltr'><strong>δύσχιμον.</strong></span> <span class='ocrx_word' id='word_1_292' title='bbox 756 2974 864 3041; x_wconf 89' lang='lat' dir='ltr'>Simul</span> <span class='ocrx_word' id='word_1_293' title='bbox 887 2973 971 3041; x_wconf 85' lang='lat' dir='ltr'>haec</span> <span class='ocrx_word' id='word_1_294' title='bbox 987 2975 1197 3064; x_wconf 68' lang='lat' dir='ltr'>legebatni9</span> 
     </span>
     <span class='ocr_line' id='line_1_33' title="bbox 95 3058 1198 3146; baseline 0.004 -21"><span class='ocrx_word' id='word_1_295' title='bbox 95 3074 235 3127; x_wconf 88' lang='lat' dir='ltr'>mentem</span> <span class='ocrx_word' id='word_1_296' title='bbox 248 3068 341 3128; x_wconf 82' lang='lat' dir='ltr'>venit</span> <span class='ocrx_word' id='word_1_297' title='bbox 353 3058 529 3144; x_wconf 79' lang='grc' dir='ltr'><strong><em>δύσχυμον,</em></strong></span> <span class='ocrx_word' id='word_1_298' title='bbox 552 3068 629 3146; x_wconf 90' lang='lat' dir='ltr'>quia</span> <span class='ocrx_word' id='word_1_299' title='bbox 646 3081 806 3128; x_wconf 89' lang='lat' dir='ltr'>noveram</span> <span class='ocrx_word' id='word_1_300' title='bbox 819 3062 955 3127; x_wconf 89' lang='lat' dir='ltr'>tradere</span> <span class='ocrx_word' id='word_1_301' title='bbox 969 3077 1101 3130; x_wconf 88' lang='lat' dir='ltr'>veteres</span> <span class='ocrx_word' id='word_1_302' title='bbox 1118 3065 1198 3129; x_wconf 79' lang='lat' dir='ltr'>dre·</span> 
     </span>
     <span class='ocr_line' id='line_1_34' title="bbox 96 3147 1227 3237; baseline 0.004 -26"><span class='ocrx_word' id='word_1_303' title='bbox 96 3166 191 3213; x_wconf 85' lang='lat' dir='ltr'>eones</span> <span class='ocrx_word' id='word_1_304' title='bbox 203 3147 332 3210; x_wconf 87' lang='lat' dir='ltr'>bomini</span> <span class='ocrx_word' id='word_1_305' title='bbox 349 3161 406 3211; x_wconf 90' lang='lat' dir='ltr'>aut</span> <span class='ocrx_word' id='word_1_306' title='bbox 419 3148 555 3213; x_wconf 89' lang='lat' dir='ltr'>animali</span> <span class='ocrx_word' id='word_1_307' title='bbox 568 3149 786 3213; x_wconf 89' lang='lat' dir='ltr'>insidiaturos</span> <span class='ocrx_word' id='word_1_308' title='bbox 800 3147 922 3213; x_wconf 87' lang='lat' dir='ltr'>herbas</span> <span class='ocrx_word' id='word_1_309' title='bbox 934 3151 1031 3237; x_wconf 89' lang='lat' dir='ltr'>prius</span> <span class='ocrx_word' id='word_1_310' title='bbox 1045 3150 1198 3215; x_wconf 89' lang='lat' dir='ltr'>radices·</span> <span class='ocrx_word' id='word_1_311' title='bbox 1222 3168 1227 3173; x_wconf 89' lang='grc'><strong><em>·</em></strong></span> 
     </span>
     <span class='ocr_line' id='line_1_35' title="bbox 97 3229 1202 3316; baseline 0.004 -21"><span class='ocrx_word' id='word_1_312' title='bbox 97 3254 152 3316; x_wconf 89' lang='lat' dir='ltr'>qne</span> <span class='ocrx_word' id='word_1_313' title='bbox 165 3229 361 3296; x_wconf 85' lang='lat' dir='ltr'>mortiferas</span> <span class='ocrx_word' id='word_1_314' title='bbox 377 3233 494 3296; x_wconf 89' lang='lat' dir='ltr'>edere:</span> <span class='ocrx_word' id='word_1_315' title='bbox 517 3235 584 3299; x_wconf 88' lang='lat' dir='ltr'>vid.</span> <span class='ocrx_word' id='word_1_316' title='bbox 597 3232 897 3296; x_wconf 67' lang='lat' dir='ltr'>Bochartllieroz.</span> <span class='ocrx_word' id='word_1_317' title='bbox 908 3231 1007 3298; x_wconf 90' lang='lat' dir='ltr'>Parte</span> <span class='ocrx_word' id='word_1_318' title='bbox 1022 3234 1062 3296; x_wconf 93' lang='lat' dir='ltr'>ll.</span> <span class='ocrx_word' id='word_1_319' title='bbox 1071 3234 1202 3315; x_wconf 85' lang='lat' dir='ltr'>lib:lll‚·</span> 
     </span>
     <span class='ocr_line' id='line_1_36' title="bbox 97 3317 1198 3404; baseline 0.003 -23"><span class='ocrx_word' id='word_1_320' title='bbox 97 3338 120 3380; x_wconf 84' lang='lat' dir='ltr'>c.</span> <span class='ocrx_word' id='word_1_321' title='bbox 138 3322 187 3381; x_wconf 77' lang='lat' dir='ltr'>ts.</span> <span class='ocrx_word' id='word_1_322' title='bbox 235 3317 313 3378; x_wconf 89' lang='lat' dir='ltr'>Vidi</span> <span class='ocrx_word' id='word_1_323' title='bbox 336 3319 500 3404; x_wconf 86' lang='lat' dir='ltr'>deinceps</span> <span class='ocrx_word' id='word_1_324' title='bbox 522 3340 565 3382; x_wconf 89' lang='lat' dir='ltr'>ex</span> <span class='ocrx_word' id='word_1_325' title='bbox 585 3323 677 3383; x_wconf 89' lang='lat' dir='ltr'>notis</span> <span class='ocrx_word' id='word_1_326' title='bbox 689 3317 792 3381; x_wconf 84' lang='lat' dir='ltr'>Stanl.</span> <span class='ocrx_word' id='word_1_327' title='bbox 810 3319 949 3383; x_wconf 90' lang='lat' dir='ltr'>eandem</span> <span class='ocrx_word' id='word_1_328' title='bbox 966 3322 1198 3384; x_wconf 86' lang='lat' dir='ltr'>coniecturam</span> 
     </span>
     <span class='ocr_line' id='line_1_37' title="bbox 97 3398 1198 3489; baseline 0.004 -24"><span class='ocrx_word' id='word_1_329' title='bbox 97 3400 194 3467; x_wconf 83' lang='lat' dir='ltr'>tuisse</span> <span class='ocrx_word' id='word_1_330' title='bbox 211 3398 393 3467; x_wconf 87' lang='lat' dir='ltr'>Hoelzlini.</span> <span class='ocrx_word' id='word_1_331' title='bbox 435 3404 552 3488; x_wconf 84' lang='lat' dir='ltr'>Neque</span> <span class='ocrx_word' id='word_1_332' title='bbox 566 3415 676 3467; x_wconf 87' lang='lat' dir='ltr'>tamen</span> <span class='ocrx_word' id='word_1_333' title='bbox 692 3406 869 3467; x_wconf 88' lang='lat' dir='ltr'>reiecerim</span> <span class='ocrx_word' id='word_1_334' title='bbox 884 3405 1025 3486; x_wconf 88' lang='lat' dir='ltr'>editam,</span> <span class='ocrx_word' id='word_1_335' title='bbox 1048 3427 1149 3489; x_wconf 91' lang='lat' dir='ltr'>quam</span> <span class='ocrx_word' id='word_1_336' title='bbox 1164 3419 1198 3470; x_wconf 91' lang='lat' dir='ltr'>et</span> 
     </span>
     <span class='ocr_line' id='line_1_38' title="bbox 99 3485 1197 3577; baseline 0.005 -28"><span class='ocrx_word' id='word_1_337' title='bbox 99 3485 203 3551; x_wconf 85' lang='lat' dir='ltr'>Schol.</span> <span class='ocrx_word' id='word_1_338' title='bbox 220 3490 391 3572; x_wconf 87' lang='lat' dir='ltr'>expositio</span> <span class='ocrx_word' id='word_1_339' title='bbox 407 3489 638 3566; x_wconf 88' lang='lat' dir='ltr'>commendat,</span> <span class='ocrx_word' id='word_1_340' title='bbox 652 3520 654 3525; x_wconf 31' lang='lat' dir='ltr'>v</span> <span class='ocrx_word' id='word_1_341' title='bbox 667 3501 701 3553; x_wconf 93' lang='lat' dir='ltr'>et</span> <span class='ocrx_word' id='word_1_342' title='bbox 715 3492 824 3573; x_wconf 87' lang='lat' dir='ltr'>accipi</span> <span class='ocrx_word' id='word_1_343' title='bbox 844 3498 959 3575; x_wconf 89' lang='lat' dir='ltr'>potest</span> <span class='ocrx_word' id='word_1_344' title='bbox 978 3512 1042 3577; x_wconf 92' lang='lat' dir='ltr'>pro</span> <span class='ocrx_word' id='word_1_345' title='bbox 1057 3489 1197 3577; x_wconf 78' lang='grc' dir='ltr'>κρυερόν,</span> 
     </span>
     <span class='ocr_line' id='line_1_39' title="bbox 97 3567 1196 3663; baseline 0.004 -26"><span class='ocrx_word' id='word_1_346' title='bbox 97 3567 226 3657; x_wconf 76' lang='grc' dir='ltr'><strong>φρικτόν.</strong></span> <span class='ocrx_word' id='word_1_347' title='bbox 259 3574 388 3636; x_wconf 83' lang='lat' dir='ltr'>accedit</span> <span class='ocrx_word' id='word_1_348' title='bbox 407 3578 559 3658; x_wconf 88' lang='lat' dir='ltr'>tropicus</span> <span class='ocrx_word' id='word_1_349' title='bbox 580 3574 660 3639; x_wconf 85' lang='lat' dir='ltr'>usus&#39;</span> <span class='ocrx_word' id='word_1_350' title='bbox 681 3581 740 3639; x_wconf 84' lang='grc' dir='ltr'>τού</span> <span class='ocrx_word' id='word_1_351' title='bbox 759 3575 957 3659; x_wconf 75' lang='grc' dir='ltr'><strong><em>δυσχείμερος</em></strong></span> <span class='ocrx_word' id='word_1_352' title='bbox 984 3581 1020 3639; x_wconf 91' lang='lat' dir='ltr'>in</span> <span class='ocrx_word' id='word_1_353' title='bbox 1044 3574 1196 3663; x_wconf 85' lang='lat' dir='ltr'>Choeph.</span> 
     </span>
     <span class='ocr_line' id='line_1_40' title="bbox 97 3654 936 3739; baseline -0.002 -14"><span class='ocrx_word' id='word_1_354' title='bbox 97 3676 135 3725; x_wconf 82' lang='grc' dir='ltr'><strong>νε.</strong></span> <span class='ocrx_word' id='word_1_355' title='bbox 146 3661 221 3725; x_wconf 80' lang='lat'><strong>270.</strong></span> <span class='ocrx_word' id='word_1_356' title='bbox 234 3655 386 3739; x_wconf 78' lang='grc' dir='ltr'>δύσχιμος</span> <span class='ocrx_word' id='word_1_357' title='bbox 400 3654 543 3723; x_wconf 84' lang='lat' dir='ltr'>habetur</span> <span class='ocrx_word' id='word_1_358' title='bbox 557 3662 683 3725; x_wconf 88' lang='lat' dir='ltr'>iterum</span> <span class='ocrx_word' id='word_1_359' title='bbox 697 3660 781 3723; x_wconf 93' lang='lat' dir='ltr'>ibid.</span> <span class='ocrx_word' id='word_1_360' title='bbox 801 3678 848 3725; x_wconf 86' lang='lat' dir='ltr'>vs.</span> <span class='ocrx_word' id='word_1_361' title='bbox 865 3663 936 3725; x_wconf 83' lang='lat'><strong>184.</strong></span> 
     </span>
    </p>
   </div>
   <div class='ocr_carea' id='block_1_6' title="bbox 96 3754 1198 4099">
    <p class='ocr_par' dir='ltr' id='par_1_7' title="bbox 96 3754 1198 4099">
     <span class='ocr_line' id='line_1_41' title="bbox 173 3754 1197 3846; baseline 0.008 -27"><span class='ocrx_word' id='word_1_362' title='bbox 173 3758 232 3823; x_wconf 87' lang='lat' dir='ltr'>Vs.</span> <span class='ocrx_word' id='word_1_363' title='bbox 250 3756 444 3844; x_wconf 74' lang='grc' dir='ltr'><strong>511.,Ἀνὴρ</strong></span> <span class='ocrx_word' id='word_1_364' title='bbox 465 3757 530 3824; x_wconf 77' lang='grc' dir='ltr'>κατ’</span> <span class='ocrx_word' id='word_1_365' title='bbox 547 3756 648 3843; x_wconf 75' lang='grc' dir='ltr'>ἄνδρα</span> <span class='ocrx_word' id='word_1_366' title='bbox 662 3764 775 3826; x_wconf 78' lang='grc' dir='ltr'><strong>τοῦτον</strong></span> <span class='ocrx_word' id='word_1_367' title='bbox 789 3754 903 3846; x_wconf 73' lang='grc' dir='ltr'><strong>ᾑρέθη.</strong></span> <span class='ocrx_word' id='word_1_368' title='bbox 955 3756 1197 3827; x_wconf 72' lang='lat' dir='ltr'>observesbic</span> 
     </span>
     <span class='ocr_line' id='line_1_42' title="bbox 96 3840 1198 3930; baseline 0.005 -23"><span class='ocrx_word' id='word_1_369' title='bbox 96 3842 166 3907; x_wconf 73' lang='lat' dir='ltr'>md</span> <span class='ocrx_word' id='word_1_370' title='bbox 187 3856 303 3907; x_wconf 82' lang='lat' dir='ltr'>contra</span> <span class='ocrx_word' id='word_1_371' title='bbox 321 3863 437 3928; x_wconf 80' lang='lat' dir='ltr'>regere</span> <span class='ocrx_word' id='word_1_372' title='bbox 456 3856 613 3928; x_wconf 87' lang='lat' dir='ltr'>quartum</span> <span class='ocrx_word' id='word_1_373' title='bbox 626 3864 757 3926; x_wconf 80' lang='lat' dir='ltr'>cesum,</span> <span class='ocrx_word' id='word_1_374' title='bbox 785 3864 851 3930; x_wconf 83' lang='lat' dir='ltr'>qua</span> <span class='ocrx_word' id='word_1_375' title='bbox 864 3840 947 3909; x_wconf 89' lang='lat' dir='ltr'>licet</span> <span class='ocrx_word' id='word_1_376' title='bbox 962 3847 1105 3909; x_wconf 90' lang='lat' dir='ltr'>notione</span> <span class='ocrx_word' id='word_1_377' title='bbox 1121 3843 1198 3913; x_wconf 76' lang='lat' dir='ltr'>fre-</span> 
     </span>
     <span class='ocr_line' id='line_1_43' title="bbox 96 3924 1198 4014; baseline 0.004 -23"><span class='ocrx_word' id='word_1_378' title='bbox 96 3931 245 4013; x_wconf 88' lang='lat' dir='ltr'>quentius</span> <span class='ocrx_word' id='word_1_379' title='bbox 261 3924 381 3991; x_wconf 88' lang='lat' dir='ltr'>habeat</span> <span class='ocrx_word' id='word_1_380' title='bbox 397 3930 601 4009; x_wconf 86' lang='lat' dir='ltr'>secundum,</span> <span class='ocrx_word' id='word_1_381' title='bbox 622 3940 735 3995; x_wconf 85' lang='lat' dir='ltr'>tamen</span> <span class='ocrx_word' id='word_1_382' title='bbox 754 3951 823 3993; x_wconf 92' lang='lat' dir='ltr'>non</span> <span class='ocrx_word' id='word_1_383' title='bbox 839 3935 949 3993; x_wconf 90' lang='lat' dir='ltr'>minus</span> <span class='ocrx_word' id='word_1_384' title='bbox 962 3930 1068 4014; x_wconf 90' lang='lat' dir='ltr'>proba</span> <span class='ocrx_word' id='word_1_385' title='bbox 1081 3944 1132 3995; x_wconf 88' lang='lat' dir='ltr'>est</span> <span class='ocrx_word' id='word_1_386' title='bbox 1145 3928 1198 3995; x_wconf 90' lang='lat' dir='ltr'>al-</span> 
     </span>
     <span class='ocr_line' id='line_1_44' title="bbox 96 4012 1196 4099; baseline 0.003 -22"><span class='ocrx_word' id='word_1_387' title='bbox 96 4020 158 4077; x_wconf 82' lang='lat' dir='ltr'>tere</span> <span class='ocrx_word' id='word_1_388' title='bbox 178 4016 345 4098; x_wconf 83' lang='lat' dir='ltr'>syntaxis.</span> <span class='ocrx_word' id='word_1_389' title='bbox 396 4012 499 4096; x_wconf 86' lang='lat' dir='ltr'>Quod</span> <span class='ocrx_word' id='word_1_390' title='bbox 523 4018 553 4079; x_wconf 93' lang='lat' dir='ltr'>si</span> <span class='ocrx_word' id='word_1_391' title='bbox 573 4019 810 4086; x_wconf 85' lang='lat' dir='ltr'>meminissent</span> <span class='ocrx_word' id='word_1_392' title='bbox 838 4018 1044 4099; x_wconf 86' lang='lat' dir='ltr'>interpretes</span> <span class='ocrx_word' id='word_1_393' title='bbox 1062 4012 1196 4080; x_wconf 83' lang='lat' dir='ltr'>Aeliani</span> 
     </span>
    </p>
   </div>
   <div class='ocr_carea' id='block_1_7' title="bbox 97 4090 1197 4189">
    <p class='ocr_par' dir='ltr' id='par_1_8' title="bbox 97 4090 1197 4189">
     <span class='ocr_line' id='line_1_45' title="bbox 97 4090 1197 4189; baseline 0.006 -28"><span class='ocrx_word' id='word_1_394' title='bbox 97 4090 176 4161; x_wconf 77' lang='lat' dir='ltr'>bend</span> <span class='ocrx_word' id='word_1_395' title='bbox 197 4094 438 4165; x_wconf 86' lang='lat' dir='ltr'>sollicitassent</span> <span class='ocrx_word' id='word_1_396' title='bbox 458 4101 531 4164; x_wconf 89' lang='lat' dir='ltr'>scio</span> <span class='ocrx_word' id='word_1_397' title='bbox 551 4101 652 4167; x_wconf 85' lang='lat' dir='ltr'>verba</span> <span class='ocrx_word' id='word_1_398' title='bbox 671 4099 729 4166; x_wconf 93' lang='lat' dir='ltr'>lib.</span> <span class='ocrx_word' id='word_1_399' title='bbox 746 4101 787 4171; x_wconf 80' lang='grc'>11</span> <span class='ocrx_word' id='word_1_400' title='bbox 805 4098 846 4165; x_wconf 85' lang='lat' dir='ltr'>V·</span> <span class='ocrx_word' id='word_1_401' title='bbox 870 4099 913 4164; x_wconf 90' lang='grc' dir='ltr'><strong>Η.</strong></span> <span class='ocrx_word' id='word_1_402' title='bbox 943 4119 972 4164; x_wconf 85' lang='lat' dir='ltr'>o.</span> <span class='ocrx_word' id='word_1_403' title='bbox 995 4103 1045 4165; x_wconf 83' lang='lat'>13.</span> <span class='ocrx_word' id='word_1_404' title='bbox 1065 4118 1099 4189; x_wconf 89' lang='lat' dir='ltr'>p.</span> <span class='ocrx_word' id='word_1_405' title='bbox 1124 4106 1197 4168; x_wconf 90' lang='grc'><strong>100.</strong></span> 
     </span>
    </p>
   </div>
   <div class='ocr_carea' id='block_1_8' title="bbox 97 4258 314 4279">
    <p class='ocr_par' dir='ltr' id='par_1_9' title="bbox 97 4258 314 4279">
     <span class='ocr_line' id='line_1_46' title="bbox 97 4258 314 4279; baseline -0.005 -2"><span class='ocrx_word' id='word_1_406' title='bbox 97 4258 314 4279; x_wconf 44' lang='lat' dir='ltr'>*nan-</span> 
     </span>
    </p>
   </div>
   <div class='ocr_carea' id='block_1_9' title="bbox 125 4372 1146 4454">
    <p class='ocr_par' dir='ltr' id='par_1_10' title="bbox 125 4372 1146 4454">
     <span class='ocr_line' id='line_1_47' title="bbox 125 4372 1146 4454; baseline 0.007 -22"><span class='ocrx_word' id='word_1_407' title='bbox 125 4378 151 4447; x_wconf 59' lang='lat'>¹³)</span> <span class='ocrx_word' id='word_1_408' title='bbox 169 4380 266 4451; x_wconf 84' lang='lat' dir='ltr'>Quem</span> <span class='ocrx_word' id='word_1_409' title='bbox 283 4388 313 4432; x_wconf 82' lang='lat' dir='ltr'>et</span> <span class='ocrx_word' id='word_1_410' title='bbox 330 4378 386 4435; x_wconf 82' lang='lat' dir='ltr'>vid.</span> <span class='ocrx_word' id='word_1_411' title='bbox 404 4379 499 4453; x_wconf 71' lang='lat' dir='ltr'>tptig.</span> <span class='ocrx_word' id='word_1_412' title='bbox 519 4382 608 4442; x_wconf 78' lang='lat' dir='ltr'>Tene.</span> <span class='ocrx_word' id='word_1_413' title='bbox 627 4400 666 4444; x_wconf 82' lang='lat' dir='ltr'>rs.</span> <span class='ocrx_word' id='word_1_414' title='bbox 681 4382 742 4443; x_wconf 76' lang='grc'><strong>380.</strong></span> <span class='ocrx_word' id='word_1_415' title='bbox 760 4390 791 4437; x_wconf 82' lang='lat' dir='ltr'>et</span> <span class='ocrx_word' id='word_1_416' title='bbox 808 4381 869 4439; x_wconf 76' lang='grc'><strong>384.</strong></span> <span class='ocrx_word' id='word_1_417' title='bbox 905 4372 1010 4446; x_wconf 77' lang='lat' dir='ltr'>[Abu.</span> <span class='ocrx_word' id='word_1_418' title='bbox 1027 4400 1058 4454; x_wconf 82' lang='lat' dir='ltr'>p.</span> <span class='ocrx_word' id='word_1_419' title='bbox 1071 4383 1146 4453; x_wconf 79' lang='grc'><strong>650]</strong></span> 
     </span>
    </p>
   </div>
   <div class='ocr_carea' id='block_1_10' title="bbox 0 0 1318 4792">
    <p class='ocr_par' dir='ltr' id='par_1_11' title="bbox 0 0 1318 4792">
     <span class='ocr_line' id='line_1_48' title="bbox 0 0 1318 4792; baseline 0 0"><span class='ocrx_word' id='word_1_420' title='bbox 0 0 1318 4792; x_wconf 95' lang='lat' dir='ltr'> </span> 
     </span>
    </p>
   </div>
  </div>
 </body>
</html>
