2626 4792
231 236 245 273 1
400 200 520 273 ,nn
546 198 846 281 nnuuurnns
1123 203 1200 307 τω

75 373 231 457 nequit,
254 375 332 456 quia
351 370 524 459 analogiae
544 388 710 461 repugnat
717 424 732 455 ‚,
748 398 811 441 nec
824 374 915 439 unde
929 374 1052 439 deduci
1066 394 1107 440 ac
1120 374 1197 441 for-

75 460 178 525 !it'ri
192 460 302 545 possit
315 460 456 527 inuenit.
488 459 607 523 ¹Error
620 473 670 525 est
682 463 812 526 scribae
827 464 1198 547 scripturae-compen.-

75 540 187 607 θίασοι
201 541 291 605 haud
304 546 460 608 assecuti.
502 544 582 631 Lag.
596 546 832 625 δειματσῦσθαι,
846 550 1025 631 φοβεῖσθαι.
1043 596 1046 601 .
1070 546 1198 609 Cunnu-

75 630 193 693 bmrm
207 629 404 691 emendabat
416 627 506 713 apud
519 645 679 710 nostrum,
707 633 894 710 δειμαίνειν..
914 642 948 694 et
962 628 1049 718 ΙΙθέει
1064 632 1193 695 substi-
1204 653 1238 711 31

75 710 212 779 tenebat
222 714 258 774 in
271 709 384 775 locum
397 719 455 777 τοῦ
467 712 570 777 στένει.
613 714 823 800 Interrogare
836 719 947 803 pergit
961 716 1097 777 chorus.
1177 712 1204 761 -'·

87 810 106 855 *i
166 796 239 862 -Vs
252 798 325 861 525.
363 800 420 873 Τίς
440 800 475 862 δέ
492 798 590 880 μηδέν
604 800 636 863 έν
650 797 720 884 φείει
735 802 866 885 καρδίας
880 799 1079 885 ἀνατρέφων,
1098 794 1197 883 ἢσθ-

75 882 129 959 [ες
136 928 154 963 ,
178 880 296 967 βροτός
309 879 344 946 θ’
358 879 473 963 ὁμοίως
486 881 526 946 ἴτ’
542 882 580 947 dv
594 884 679 964 σέβοι
693 887 798 962 δίκανς
821 885 1037 949 Atuitotort.
1055 893 1090 947 et
1099 887 1197 951 ’ίάνια

75 966 227 1053 ωρδίαν
240 966 381 1048 habent,
408 988 508 1115 priam
522 973 677 1050 sequenti
693 975 895 1055 scripturam
915 973 1123 1033 accusativus
1138 987 1197 1033 το-

123 1060 195 1115 tur
211 1051 253 1114 ab
269 1048 347 1129 dud,
369 1062 403 1116 et
429 1073 479 1139 eg.
494 1076 541 1128 τις
561 1088 647 1102 --
666 1056 797 1136 καρδίαν
809 1055 870 1119 ἄνα
883 1056 1021 1138 τρέφων,
1043 1062 1205 1119 structu-.

144 1132 245 1201 huno
261 1140 298 1199 in
312 1135 449 1201 modum
468 1141 642 1215 instituta,
667 1141 715 1214 τίς
732 1141 767 1205 δέ
782 1167 818 1219 μ.
833 1143 865 1205 έν
879 1165 911 1224 φ.
927 1138 1049 1224 τρέφων
1063 1135 1124 1202 dut
1138 1136 1197 1221 τὴν

75 1222 227 1307 σαρδίων
246 1258 330 1269 --
352 1220 395 1286 έτι
411 1222 497 1304 σέβοι
514 1221 553 1286 ίὶν
572 1224 630 1306 τὴν
643 1226 749 1309 dium
777 1227 981 1290 Guscnbonus
993 1223 1207 1308 ἀναστρέφων

75 1308 297 1377 coniecerat.
321 1306 443 1391 τρέφειν
455 1328 518 1395 pro
535 1306 611 1391 έχειν
623 1312 836 1373 commodum
851 1323 884 1375 et
898 1322 1012 1396 aptum
1030 1309 1086 1370 hic
1098 1326 1198 1394 prae-

75 1390 148 1455 bet
164 1410 314 1469 sensum,
338 1412 443 1474 eoque
459 1393 650 1477 frequentat
666 1399 822 1480 inprimis
837 1396 1019 1478 Sophocles,
1041 1404 1079 1455 ut
1093 1397 1200 1475 γλῶσ-

75 1475 1058 1649 α·νεαταωνείων.να.αα
1075 1476 1201 1645 αα

75 1638 206 1729 ίσχτίον
221 1644 306 1711 Oed.
321 1646 404 1733 Tyr.
420 1652 490 1712 364.
506 1649 607 1733 [355]
623 1650 654 1714 έν
668 1650 785 1713 ἐλπίσιν
800 1651 910 1734 Antig.
927 1651 999 1712 910.
1017 1648 1129 1733 [356.],
1142 1647 1201 1719 ubi

75 1726 213 1795 Schol.
235 1734 403 1815 Aristoph.
422 1731 670 1818 Vesp.vs.110.
698 1733 837 1817 αἰγιαλὸν
855 1732 942 1797 ένθον
962 1733 1081 1816 τρέφει,
1110 1728 1202 1815 quod

75 1810 243 1879 illustrat
258 1829 352 1879 vetus
368 1820 604 1901 grammaticus
615 1838 677 1902 per
690 1816 767 1900 έχων
778 1818 881 1903 τρέφει
891 1821 952 1896 (ita
964 1835 1107 1897 namque
1124 1817 1202 1899 leg.)

76 1896 134 1975 ὥς
148 1900 201 1965 tut
215 1896 294 1978 ζαίοσ
314 1899 373 1985 έφη
393 1899 429 1965 τὸ
446 1900 559 1984 τρέφει.
602 1906 727 1965 Aelicn.
747 1904 784 1965 Η.
800 1904 838 1966 Α.
851 1903 923 1965 Xll.
939 1923 967 1964 c.
982 1905 1032 1964 29.
1047 1900 1089 1964 de
1106 1898 1201 1964 Silu-

76 1988 143 2049 ris
162 2003 278 2071 agens,
300 2004 358 2049 eos
374 1988 406 2047 in
428 1984 548 2072 Cydno
565 1981 701 2049 Ciliciae
717 1982 818 2053 fluvio
833 1991 982 2050 minutos
998 2004 1070 2048 esse
1084 1982 1203 2060 refert,

79 2064 268 2153 additque,
290 2070 327 2134 τὸ
346 2071 379 2134 δέ
392 2069 506 2150 αἴτιον,
528 2069 565 2135 ου’
580 2060 684 2157 τρέφει
697 2071 850 2158 ἀφθόνως
864 2073 972 2149 διειδές
984 2076 1068 2151 νᾶμα
1081 2071 1131 2133 καί
1145 2093 1203 2133 να-

75 2150 220 2239 ·θαρόν,
240 2157 290 2218 καὶ
304 2156 428 2235 προσέτι
441 2157 491 2219 καὶ
503 2156 626 2240 ψυχρὸν
648 2166 750 2234 --;
778 2159 833 2222 hic
846 2162 952 2220 miror
969 2155 1059 2221 conr.
1078 2154 1260 2231 (ἥττημα

84 2242 267 2305 conticere
288 2236 352 2326 leg.
378 2239 425 2304 ὅτι
440 2239 492 2306 vel
506 2231 598 2315 οὗτος
609 2241 722 2326 τρέφει.
774 2241 887 2324 Quum
903 2243 1065 2304 continuo
1080 2241 1201 2303 subse·
1280 2264 1285 2277 ·

86 2326 234 2407 'quentia
264 2324 427 2402 doceant,
466 2329 667 2389 sententiam
698 2344 791 2408 esse,
827 2332 986 2410 tanquam
1015 2326 1204 2410 scripsisset

85 2412 272 2475 Aelianus:
302 2410 338 2474 τὸ
355 2410 390 2474 δέ
404 2409 501 2474 αίτιον
508 2459 519 2489 ,
547 2409 594 2475 ὅτι
607 2412 714 2485 διειδές
725 2418 809 2493 νᾶμα
832 2450 917 2461 ·-—-
939 2409 996 2476 nt'tt
1011 2409 1075 2474 έστι
1089 2404 1199 2493 τρόφι-

88 2498 175 2577 μον,
202 2490 371 2581 εὔΗτροφον
390 2514 448 2559 seu
467 2494 636 2581 θρεπτικὸν
650 2494 818 2581 Σιλοίρων.
867 2498 940 2560 Hoc
954 2499 1075 2559 obiter.
1104 2493 1246 2576 μηδένες

83 2578 131 2643 “έν
145 2574 218 2663 φάει
231 2578 335 2656 valet,
356 2581 454 2663 μηδέν
467 2580 609 2666 φαεινόν,
632 2582 690 2644 sed
710 2580 781 2645 scil.
798 2588 860 2645 πᾶν
876 2581 1032 2646 σκοτεινὸν
1043 2579 1143 2665 έργον,
1163 2590 1203 2641 ut

93 2660 174 2749 l'pya
190 2670 246 2727 τοῦ
267 2662 397 2741 σκότους
418 2671 452 2727 in
478 2668 525 2729 tit.
541 2686 643 2729 suen:
677 2668 743 2732 vid.
759 2670 843 2731 Suic.
859 2666 958 2730 Thes.
971 2664 1100 2729 Eccles.
1121 2663 1160 2727 T.
1175 2664 1201 2729 l'.

87 2768 132 2835 ‚p-
151 2752 241 2815 1209.
260 2761 293 2812 et
303 2750 347 2812 ll?
359 2772 391 2838 p.
411 2752 501 2815 1485.
544 2751 593 2812 lta
607 2748 691 2833 λόγοι
707 2754 739 2815 έν
752 2751 853 2834 μήκει,
875 2770 938 2836 pro
950 2751 1083 2832 μακροί,
1106 2759 1140 2812 et
1153 2750 1202 2810 si-

77 2834 201 2899 .-nitia.
257 2834 295 2901 ln
312 2832 461 2918 Choeph.
477 2854 523 2898 vs.
539 2840 590 2899 60.
603 2836 635 2898 έν
652 2832 722 2915 φάει
743 2849 794 2899 est
813 2842 962 2920 φανεραῖς.
1024 2832 1097 2896 vid.
1115 2843 1149 2895 et
1163 2830 1203 2896 cl.

75 2930 85 2963 ·'
99 2918 220 2983 Vuluk.
239 2920 279 2980 sd
296 2920 402 3005 Εανὶφ.
418 2919 544 2984 Phoen.
561 2941 592 3004 p.
606 2924 679 2983 430.
698 2920 757 3004 [ad
774 2920 946 3003 νε.1282.]

75 3056 77 3061 .
188 3001 244 3065 VS.
265 3006 337 3068 529.
368 3001 456 3085 Μήτ’
476 3002 630 3088 είναρκτον
643 3007 730 3084 βίον,
758 3002 836 3089 μήτε
857 2999 1103 3085 δεσποτούμενον
1113 2998 1205 3067 ἀίνέ·

77 3094 171 3175 Ἴης.
231 3088 326 3152 'litun
344 3089 383 3153 V.
400 3108 427 3150 c.
442 3092 492 3152 99.
514 3088 660 3170 ἄναρκτοι
683 3095 842 3171 νησιῶται.
903 3086 1001 3152 Conf.
1018 3090 1154 3171 Hesych.
1172 3098 1206 3150 et

82 3176 149 3243 ¹itti
169 3184 240 3234 not.
260 3173 377 3238 αἰνέσαι
400 3189 437 3234 ut
457 3178 491 3233 in
513 3176 593 3236 Pici.
609 3176 665 3237 lV.
684 3174 785 3258 Legg.
802 3179 873 3250 602.
897 3196 924 3239 c.
952 3175 1010 3257 τὴν
1023 3175 1121 3256 μέσην
1135 3168 1205 3237 ἑλί-

75 3268 85 3331 i,
99 3276 195 3343 μενος
209 3254 249 3321 nd
269 3255 374 3343 ταφὴν
394 3255 511 3340 ταύτην
536 3256 686 3343 ἐπῄνεσας
706 3256 821 3335 ἁπλῶς.
852 3270 885 3323 et
907 3278 989 3324 mox
1010 3262 1060 3323 bis
1072 3258 1153 3322 ibid.
1168 3271 1207 3322 ut

75 3376 77 3407 i
100 3348 235 3407 laudare
247 3348 334 3427 apud
357 3345 394 3404 V
391 3353 446 3423 irg.
460 3344 503 3444 il.
521 3341 645 3428 Georg.
666 3364 711 3409 vs·
727 3346 797 3409 412.
817 3352 950 3409 laudato
970 3352 1105 3427 ingentia
1119 3367 1207 3415 rura,

75 3435 392 3583 zt'tttttt‘t
408 3426 1208 3599 tinniant{institerunt

75 3620 161 3669 ιτα.
207 3594 263 3660 Vs.
278 3600 349 3662 533.
369 3618 413 3660 ex
428 3598 566 3660 Victorii
579 3603 790 3664 correctione
805 3605 833 3664 si
849 3603 1032 3678 scribatur,
1064 3592 1208 3679 ἴσθ’ίίπη

75 3710 82 3753 t
102 3682 184 3760 δέος,
204 3680 295 3744 idern
314 3686 388 3760 erit,
411 3680 500 3766 quod
517 3684 552 3744 in
568 3686 646 3770 ipsc
658 3691 759 3771 pocta
776 3706 822 3751 vs.
835 3688 907 3763 520.
923 3683 990 3751 ἴσθ’
1003 3682 1081 3746 ὅπου
1094 3678 1131 3744 τὸ
1144 3681 1209 3745 dn·

75 3786 80 3837 :
102 3766 178 3847 utu,
201 3775 300 3846 atque
321 3767 400 3830 inde
414 3771 607 3852 repetitum.

75 3882 82 3925 t
189 3850 249 3913 Vs.
265 3852 336 3915 535.
368 3849 681 3937 Ξίμμετρονθέπσς
697 3854 784 3939 λέγω.
826 3858 965 3920 Aristid.
976 3850 1016 3914 T.
1027 3849 1082 3911 tlt.
1094 3870 1127 3935 ρ.
1136 3851 1210 3917 246.

75 3966 79 4003 :
101 3936 139 4003 τέ
158 3931 337 4019 ον’μμετρον
349 3933 494 4020 ἡγείσθω
512 3937 572 4021 πρὸ
593 3945 649 4003 τοῦ
662 3940 808 4015 πλείονος.
860 3938 946 4001 Mox
959 3932 1149 4017 ὦςέτίμως,
1171 3944 1211 3998 ut

75 4018 147 4099 ὲῦς
168 4017 317 4103 ἀληθῶς,
348 4024 539 4085 abundante
560 4020 739 4086 alterutro:
774 4042 852 4086 narn
867 4026 1044 4105 Hesychius
1065 4016 1108 4096 ὡς
1123 4017 1211 4107 expl.

94 4124 170 4261 gor
190 4102 331 4189 ἀληθῶς.
395 4106 455 4171 Vs.
477 4108 549 4171 534.
570 4114 615 4195 τῷ
635 4106 766 4199 tttpt’
793 4108 999 4173 Casuubonus
1017 4104 1212 4192 adscripsit,

122 4188 224 4259 mvl·
333 4208 336 4214 ,

193 4279 253 4341 Vs.
269 4276 339 4339 546.
360 4275 463 4340 Ποινὰ
476 4276 612 4355 ἐπέσται,
625 4277 733 4363 κύριον
743 4276 826 4361 μένει
837 4277 933 4351 τέλος.
958 4274 1066 4359 Supra
1081 4278 1211 4343 vs830.

97 4359 190 4437 Ζεὺς
207 4360 361 4447 κολαστὴς
382 4358 592 4449 φρονημάτων
610 4360 628 4453 ΙΙ
651 4362 771 4431 έπεστιν
791 4361 924 4440 ιίθννος
942 4358 1053 4447 βαρύς.
1101 4358 1264 4446 Hesp-at
