2626 4792
173 189 246 261 ινα
429 136 942 299 ΙΙ’1111151111111.
1043 260 1089 275 „
1283 35 1303 389 1

169 377 245 423 mus
268 360 304 421 in
324 359 615 446 praecedentibus,
665 357 711 423 At
727 358 902 443 quomodo
921 358 1023 442 μονὰς
1036 355 1162 446 Ξέρξης
1179 361 1267 451 fingit,

64 494 68 503 ,
170 447 226 509 oui
240 445 315 528 ipse
331 457 430 529 poeta
446 461 573 529 paucos
588 444 752 528 quosdam
768 445 825 508 dat
840 443 939 530 fugae
954 447 1123 511 comites?
1144 446 1269 537 Nempe

55 596 60 611 ‚
169 526 310 640 perinde
323 527 390 592 hoc
402 531 653 615 accipiendum,
683 543 841 614 tanquam
856 529 986 612 legeres
1001 529 1144 618 φυγόντα
1157 528 1270 619 Ξέρξῃ

170 638 284 698 ερημον
318 609 496 698 ὀλιγοστόν,
535 624 639 700 prout
668 611 819 698 loquitur
848 612 982 701 Ioseph.
1010 631 1131 682 contra
1157 619 1270 706 Apion.

169 698 227 763 lib.
244 697 268 760 l.
282 696 309 780 §
328 702 379 760 20.
402 696 551 781 ἡττηθεὶς
570 705 610 784 τῇ
628 695 714 783 μάχῃ
733 702 784 763 καὶ
808 698 915 784 φυγών
927 699 1088 784 ὀλιχοστός
1100 740 1206 791 ——,
1225 703 1271 770 vel

139 846 145 857 ,
168 795 208 845 ut
227 780 389 846 Herodot.
411 782 469 846 lib.
487 785 541 846 Vi.
559 805 586 846 o.
605 786 649 846 15.
669 783 736 865 μετ’
759 783 871 867 ὀλίγων
888 782 1058 868 ξυμμάχων
1071 790 1273 870 μεμοννιςμέ-

167 890 225 934 νοι.
258 878 368 950 atque
385 871 509 932 iterum
532 865 666 955 loseph.
694 873 729 931 in
752 870 832 934 Vita
852 889 912 935 sua
936 874 962 952 §.
986 875 1032 936 18.
1059 874 1272 956 μεμονωμίντς

167 951 247 1036 μετὰ
263 958 326 1015 τῶν
340 953 470 1031 οἰκείων.
1224 994 1227 999 ·
1250 989 1267 1005 ν
1283 978 1287 983 ·

107 1036 159 1092 229
251 1033 267 1123 ll
277 1037 330 1100 Vs.
345 1038 416 1099 740.
442 1036 542 1103 Τοῦτο
556 1035 591 1102 d'
612 1035 669 1102 οὐκ
688 1035 730 1102 iia
749 1035 864 1114 στάσις.
908 1037 950 1103 ἔνι
974 1037 1031 1104 hic
1047 1039 1139 1107 valet
1153 1042 1224 1107 ἔστί
1235 1054 1274 1123 ni

163 1125 203 1186 in
222 1119 307 1185 loois
328 1125 533 1202 innnrneris3
568 1133 602 1187 et
616 1130 710 1188 τοῦτο
725 1145 821 1189 casus
836 1136 888 1189 est
904 1135 1044 1206 quartus
1057 1126 1272 1210 pendens-'ait

167 1205 279 1292 ellipsi
291 1211 349 1289 τῆς
365 1206 460 1284 κατά,
489 1218 528 1271 ut
543 1211 645 1271 mirer
660 1208 784 1295 Spanh.
798 1210 840 1272 ad
853 1209 1026 1295 Aristoph.
1042 1209 1131 1274 Piut.
1146 1230 1193 1276 vs.
1206 1212 1270 1277 818
1295 1204 1303 1283 i

164 1290 277 1377 legere
295 1290 415 1378 τούτῳ,
443 1293 669 1373 Ατοτιιάῒίιιητ
688 1292 802 1359 στάσει.
845 1292 1007 1376 Sequitur
1024 1295 1134 1378 ταχεῖά
1155 1296 1182 1381 χ’
1198 1289 1273 1382 ἦλθε

166 1459 410 1542 εμοντειὶσοιντο,
442 1473 482 1525 ut
501 1467 576 1547 ipse
600 1468 743 1549 exponit
766 1464 915 1528 subdens
942 1464 1066 1548 τελευτὴ
1092 1463 1265 1553 θεσφάτων.

168 1547 225 1610 Sic
246 1552 356 1631 πρᾶξις
374 1567 439 1634 pro
461 1561 571 1611 eventu
594 1559 626 1610 et
637 1551 709 1630 fine
728 1548 824 1618 Pind.
843 1547 980 1636 Olymp.
1003 1550 1071 1615 Od.
1088 1551 1112 1613 1.
1136 1571 1187 1617 vs.
1204 1553 1264 1616 isi.

167 1632 224 1715 [84
246 1632 300 1716 Β.]
322 1634 390 1713 ἐμοὶ
409 1628 466 1712 μὲν
484 1628 590 1696 οὑτοσὶ
605 1610 706 1707 ‹i‘sto'e
719 1633 745 1719 γ’
759 1631 968 1700 ὑποκείσεται·
991 1634 1030 1698 τὺ
1044 1637 1079 1699 δὲ
1092 1637 1206 1720 πρᾶξιν
1218 1636 1264 1722 oi-

161 1382 311 1463 χρησμιῖιν
328 1380 439 1462 πρᾶξις
453 1381 474 1440 1.
490 1399 516 1441 e.
538 1374 583 1452 ὥς
603 1379 720 1460 ταχέως
738 1379 764 1463 γ’
784 1378 947 1464 ἐπράχθη,
969 1378 1032 1445 dai
1040 1383 1180 1467 χρησμοὶ
1197 1406 1269 1468 προ·
1278 1376 1303 1779 l

1293 1579 1303 1619 ι

166 1721 224 1780 λαν
237 1719 336 1782 δίδου.
380 1718 437 1780 Vs.
454 1721 526 1800 748.
549 1715 665 1799 ηὔχουν
685 1715 907 1801 ἐκτελευτήσειν
922 1738 989 1781 non
1004 1724 1085 1784 satis
1098 1725 1204 1787 ‘vertit
1215 1738 1261 1785 aa·

166 1815 280 1866 curate
300 1807 487 1890 interpres3
512 1800 615 1884 αὐχεῖν
636 1825 805 1888 nunquam
831 1803 923 1888 quod
951 1809 1052 1868 sciam
1073 1818 1172 1872 notat
1189 1804 1259 1888 εὔχε-

164 1892 242 1952 σθαι
256 1913 365 1972 στανος
386 1886 531 1952 reddere
548 1889 692 1951 debebat
705 1893 888 1973 sperabam,
912 1894 1073 1973 opinabar.

1276 1782 1280 1817 i

250 2023 308 2088 Vs.
325 2022 398 2088 752.
439 2069 506 2081 --
531 1999 592 2096 πῶο
608 2030 673 2089 aoid’
694 2034 727 2090 οὐ
747 2031 829 2097 νόσος
848 2035 961 2106 φρενῶν

437 2112 506 2189 Εἶχε
524 2115 606 2172 παῖδ’
628 2115 698 2191 ἐμόν
715 2152 788 2163 --
805 2137 888 2189 3-3

161 2219 265 2287 Nulla
293 2217 349 2283 hio
377 2221 489 2303 tetigit
508 2221 732 2304 interpretem
760 2217 876 2282 mendi
901 2219 1071 2303 suspici0,
1104 2218 1190 2301 quin
1209 2232 1258 2279 not
1288 2288 1303 2302 .

165 2305 290 2391 Spanh.
304 2305 345 2366 ad
361 2301 481 2365 loliani
496 2302 578 2389 lmp.
594 2325 626 2388 p.
647 2304 716 2368 195.
736 2301 819 2367 licet
839 2317 1024 2390 praeeunte
1039 2300 1213 2388 Stephano
1231 2300 1257 2369 11

42 2402 45 2409 ’
161 2394 254 2455 notis
269 2388 303 2451 id
317 2387 417 2451 facile
435 2397 525 2451 esset
539 2391 708 2473 detegere.
740 2388 936 2472 Legendum
949 2388 1096 2450 arbitror
1109 2385 1190 2470 πρὸς
1203 2380 1257 2451 τόδ’

160 2479 182 2539 1.
200 2495 227 2538 e.
240 2496 340 2539 nonne
350 2478 483 2558 proinde
502 2472 609 2556 (quod
625 2475 698 2536 dini
716 2477 782 2535 iam
798 2485 913 2552 antea,
936 2473 1002 2537 vid.
1016 2491 1063 2537 vs.
1078 2475 1166 2553 726.)
1185 2479 1258 2535 inro-

162 2567 221 2623 οἱα·
233 2566 350 2623 invasit
358 2559 463 2639 filium
478 2558 605 2620 meum?
632 2558 689 2630 Sic
706 2557 786 2642 πρὸς
803 2554 877 2623 τάδε
898 2571 931 2623 et
948 2557 1027 2643 πρὸς
1041 2561 1144 2620 τοῦτο
1158 2567 1258 2622 noster
1281 2554 1283 2565 '

163 2647 359 2728 saepissime
378 2640 501 2726 aliique
515 2642 628 2705 Attici.
654 2643 731 2706 Vid.
748 2643 861 2711 Prom.
877 2664 925 2708 vs,
944 2640 1037 2707 1042.
1061 2641 1154 2726 Sept.
1165 2640 1256 2708 Theb.

162 2733 236 2795 818.
256 2728 359 2793 huius
380 2726 539 2792 dramatis
559 2746 606 2794 vs,
625 2729 694 2791 170.
717 2727 859 2793 Eumen.
872 2729 943 2794 518.
995 2725 1129 2809 Quibus
1158 2723 1257 2803 inio-
1301 2781 1303 2785 .

100 2878 104 2887 ,
154 2818 229 2893 eis,
250 2813 392 2897 aliisque
405 2809 560 2899 pluribus
577 2810 667 2874 haud
682 2814 765 2876 bene
781 2817 924 2878 vertitur
937 2835 1040 2920 porro.
1056 2809 1257 2898 sopori}

161 2899 240 2964 loct.
252 2920 301 2966 vs.
311 2902 383 2962 588.
398 2902 464 2972 πῶς
479 2888 533 2961 οὖν
546 2895 718 2974 Ὀδυσσεὺς
729 2898 809 2982 πρὸς
824 2897 896 2963 τάδ’
911 2923 967 2963 ονιι
979 2893 1166 2979 αὐτάγγελος
1174 2926 1188 2979 ,·,
1205 2914 1256 2961 us·

101 2981 260 3098 seoquejfl
273 2984 369 3047 aliter
386 2980 542 3067 intelligo
556 2983 590 3043 in
610 2987 708 3068 epist.
728 2983 823 3046 Pauli
838 2985 878 3046 ad
893 2985 992 3047 Rom.
1005 3004 1031 3044 o.
1046 2981 1138 3044 Vlii.
1156 3001 1204 3046 vs.
1218 2982 1256 3043 81.

161 3071 195 3135 τί
216 3093 271 3135 οον
289 3071 418 3154 ἐροῦμεν
438 3068 519 3152 πρὸς
541 3071 650 3131 ταῦτα.
707 3067 803 3131 Adde
828 3073 857 3131 si
879 3067 970 3130 lubet
993 3065 1038 3128 so
1065 3063 1098 3126 h.
1119 3069 1154 3127 in
1179 3065 1256 3129 Ano.
1297 3065 1303 3073 “

160 3173 209 3222 vs.
232 3159 322 3220 1088.
361 3170 394 3217 et
421 3157 528 3228 1888,
569 3151 710 3216 Lucian.
745 3151 843 3216 Torn.
870 3153 911 3215 11.
954 3174 985 3236 p.
1012 3088 1104 3229 add,
1148 3142 1256 3229 Achili

85 3261 89 3278 ι
162 3238 237 3304 Tat.
253 3238 311 3303 lib.
330 3239 371 3301 V.
388 3260 422 3324 p.
439 3241 510 3300 801.
528 3237 574 3321 [ρ.
586 3240 657 3312 112,
676 3240 724 3300 18.
739 3238 820 3322 lae]
862 3236 1014 3301 Eandem
1028 3236 1156 3297 exserit
1167 3251 1257 3321 pras-

159 3329 286 3412 positio
309 3329 468 3387 virtutem
493 3319 566 3384 aliis
592 3323 786 3386 nominibus
815 3321 937 3385 addita.
992 3318 1114 3382 Maon.
1135 3341 1163 3382 c.
1180 3314 1256 3382 XIX.

159 3430 207 3475 VS.
221 3413 251 3474 8.
268 3409 347 3491 πρὸς
359 3407 417 3489 τὴν
432 3408 680 3491 σκληροκαρδίαν
690 3403 779 3487 ὑμῶν
795 3406 969 3489 ἐπέτρεψεν.
989 3405 1045 3467 ubi
1062 3405 1129 3470 vid.
1147 3398 1255 3467 Philoi

32 3551 35 3555 ,
159 3495 238 3558 Νοο
253 3494 354 3581 paulo
368 3493 478 3556 rarius
492 3493 541 3554 ini
555 3497 665 3555 ταῦτα.
707 3490 847 3554 Aristid.
863 3490 1066 3638 ’101111Ιὲ
1087 3493 1159 3552 102.
1174 3484 1258 3570 αὐτὴν
1295 3492 1303 3515 “·

55 3641 58 3650 ,
159 3582 274 3662 ἐκείνην
289 3581 336 3643 ἐπὶ
355 3583 454 3639 ταῦτα
469 3576 520 3639 dri
534 3579 633 3640 δοκεῖν
650 3581 854 3657 πεποιῆσθαιτ
887 3589 919 3638 et
935 3577 1001 3637 Dio
1050 3575 1069 3635 it
1235 3643 1262 3666 .-

159 3665 298 3728 xxxii.
313 3685 344 3749 p.
361 3667 431 3726 891.
446 3680 475 3724 a.
496 3661 572 3737 τοὺς
586 3660 778 3743 Ἀθηναίους
795 3661 835 3724 τοὶ
850 3663 917 3745 περὶ
932 3659 1006 3733 τοὺς
1025 3657 1135 3745 λόγους
1148 3662 1259 3739 μᾶλλον

158 3743 394 3832 ἐπιτηδεύοντας
409 3783 495 3794 —--
517 3748 668 3811 ἐπὶτοῦτο
682 3748 804 3828 ἐποίησε
818 3743 1048 3827 θαυμάζεσθαι.
1090 3741 1196 3823 Quod
1208 3756 1259 3807 slt-

160 3846 314 3919 spectum
328 3850 400 3896 esse
417 3851 484 3893 non
501 3834 680 3914 oportebat
692 3835 766 3895 viro
783 3851 914 3894 summo
930 3831 1114 3911 corrigenti
1130 3829 1180 3890 ἐπὶ
1192 3821 1259 3891 rod·

159 3942 215 4005 τῳ.
267 3921 345 3985 sive
365 3920 455 3981 enim
474 3916 527 3979 ἐπί
543 3919 715 4001 acceperis
735 3936 800 4002 pro
814 3930 962 4000 propter,
997 3917 1065 3978 sive
1080 3923 1117 3974 ut
1132 3912 1261 3977 videtur

158 4007 312 4088 accipere
327 4000 557 4073 CasaubonuS‚
577 4021 641 4086 pro
657 4024 762 4084 snper,
782 4013 913 4064 rectum
933 4002 995 4062 erit
1010 3999 1057 4061 ἐπὶ
1072 4002 1177 4062 τοῦτο.
1200 3994 1261 4062 Cs-

157 4099 269 4152 terum
283 4087 383 4151 habet
399 4086 478 4171 πρὸς
491 4081 564 4149 adde
578 4084 662 4149 alios
677 4089 817 4170 insuper
832 4105 930 4164 usus;
958 4093 1010 4146 est
1025 4085 1114 4145 onim
1128 4084 1260 4153 ubino·

158 4182 210 4235 tat
231 4197 327 4259 usque
346 4197 396 4251 eo,
427 4177 522 4246 odeo,
552 4179 714 4253 sequente
730 4179 813 4234 tunc
833 4166 875 4245 ὡς
888 4167 940 4243 vei
953 4167 1041 4233 ὥστε.
1085 4166 1200 4253 Supra
1219 4182 1260 4230 vs.

159 4260 232 4320 782.
247 4261 472 4340 interroganti
488 4253 604 4328 Dario,
617 4265 757 4325 ,totusue
777 4253 931 4318 funditus
948 4251 1113 4316 ocoiderit
1130 4252 1259 4317 exorci-
1287 4250 1303 4329 d

46 4404 48 4409 ,
157 4336 238 4409 tus?
267 4342 452 4429 respondet
469 4343 607 4406 Atussa:
628 4338 709 4423 πρὸς
729 4335 789 4404 nid
795 4337 804 4362 ²
829 4336 1013 4425 ὡςΣούσων
1034 4333 1114 4419 ἄστει
1137 4342 1199 4409 πᾶν
1212 4359 1258 4401 ιιι·
1300 4338 1303 4353 “
