2626 4792
289 206 294 215 ·
336 195 404 297 Au
427 194 629 271 suorum
654 196 694 270 o.
721 192 929 267 'fumus
1039 140 1043 155 ’
1136 196 1187 269 το

85 372 201 437 ἅπαντα
210 418 223 452 ,
248 372 312 448 nit,
340 370 397 452 μὲν
417 367 477 453 γὰρ
499 370 555 449 (τὰ
566 368 732 454 χρήματα)
751 371 890 448 πλείονος
898 366 1091 455 ’ἢτολοίντοο
1104 368 1236 443 τετί-···“.·

85 480 191 541 umor
211 457 368 519 --.uul
388 457 414 519 τί
435 455 589 534 πλείονος,
614 452 686 531 ἄξιοί
706 458 788 521 ἐστιν
807 455 823 480 '¹
838 454 1008 535 τοσούτου,
1038 458 1188 540 ἐπικηρυ-

85 540 277 624 χθέντων-τὸ
299 539 440 621 περιττὸν
459 535 478 622 ἦ
497 537 585 616 πόλις
602 539 744 623 λήψεται.
833 539 931 603 ltimo
945 539 1021 605 loco
1038 542 1127 604 addo
1147 546 1188 605 ut

86 631 170 712 pior
191 624 359 710 loquendi
377 629 463 687 ratio
482 624 603 689 Latine
624 625 785 688 reddatur
806 646 885 688 curn
906 622 1026 690 Curtio
1046 626 1103 688 lib.
1125 626 1187 703 ili,
1221 674 1224 679 .

88 716 229 789 c.1,1e.
249 717 365 774 licitu-ri
384 722 480 792 caput
500 717 650 780 alicuius,
680 722 712 772 et
729 734 940 792 percussorem
959 719 992 775 in
1012 719 1189 796 quempiam

87 818 193 875 mere3
220 800 271 861 sic
289 794 393 858 altera
415 797 530 880 phrasi
556 796 706 859 eiusdem
731 793 787 857 lib.
803 796 859 856 lll.
874 817 902 856 c.
919 796 947 857 5.
963 793 1189 877 ult.'pronuu=

87 890 161 949 oure
175 894 343 961 argenium
355 894 385 943 ie
396 888 547 942 datiuum
559 881 751 961 interfectori
766 887 906 943 alicuius.
938 882 990 943 lte
1006 875 1189 961 ἐπεξιακχά-

85 990 134 1041 σας
157 986 303 1045 moneo,
335 968 400 1028 etsi
420 961 568 1050 plallceat
589 965 776 1029 doctissimi
792 964 974 1029 Arnaudtit
994 967 1187 1029 coniectura
1196 978 1248 1032 130

83 1050 171 1116 Lect.
193 1048 316 1115 Graec.
334 1047 393 1113 lih.
407 1050 436 1111 i.
460 1071 490 1113 c.
511 1050 568 1111 Xl.
588 1052 632 1113 oh
656 1052 791 1112 erroris.
811 1069 944 1113 causam
964 1049 1188 1131 mentiestum,

82 1148 189 1199 tamen
216 1136 389 1221 praeferre
413 1156 465 1196 me
488 1134 612 1197 editam
635 1136 732 1214 ideo,
762 1138 840 1219 quia
860 1136 913 1199 ἐπί
928 1139 1033 1221 magis
1055 1135 1190 1202 videtur

82 1225 260 1285 convenire
276 1223 386 1285 verbis
398 1216 483 1282 πόλει
497 1218 612 1301 ἀρᾶται
627 1221 678 1283 καὶ
692 1217 884 1300 κατεύχεται,
908 1225 973 1285 erit
985 1223 1080 1285 'enim
1096 1223 1191 1305 quasi

79 1307 226 1371 dixisset
237 1300 422 1387 ίξιαπχοίσας
434 1311 551 1368 παιᾶνα
566 1303 615 1389 ἐφ’
632 1301 752 1389 ἁλούσῃ
766 1313 805 1391 τῇ
821 1305 967 1370 no‘imo‘·
1133 1324 1136 1333 ·

162 1426 225 1489 Vs·
239 1423 314 1487 654.
350 1420 436 1497 Ἓξει
457 1420 611 1509 πατρῴων
629 1416 998 1506 δωγὶοίτωνίπνστροφοίς.
1017 1426 1022 1435 “
1045 1420 1192 1489 Utsur-

82 1528 137 1577 sus
152 1512 191 1573 iu
204 1508 347 1573 Eumen.
367 1527 416 1572 τε.
431 1509 503 1570 551.
525 1507 701 1591 ’ξενοτίμοος
719 1502 873 1587 δωμάτων
892 1504 1083 1591 ἐπιστροφίνς
1097 1502 1192 1572 αίδό-
1289 1512 1292 1519 “

82 1618 179 1675 μενος.
206 1607 241 1658 et
262 1597 299 1656 in
319 1599 428 1657 nostrl
446 1594 562 1676 Φροξίν
577 1592 633 1678 [fr.
651 1590 831 1675 9498011]
849 1592 1035 1679 Hesychius
1055 1612 1192 1675 quoque

83 1680 272 1764 ἐπιστροφαί
279 1680 421 1767 exponit
436 1678 610 1762 διατριβαί,
633 1677 732 1765 piune
747 1688 786 1738 ut
802 1675 858 1739 hic
873 1680 999 1753 critici,
1020 1690 1053 1740 et
1069 1678 1194 1751 δίαιταν.

83 1764 259 1847 βοονόμοος
274 1756 464 1847 ἐπιστροφάς
480 1764 569 1827 dicit·
577 1760 752 1851 Aristoph.
767 1766 801 1823 in
818 1761 902 1824 Rau.
915 1781 961 1826 vs.
977 1764 1080 1837 1430„
1101 1760 1193 1845 quod

84 1852 200 1915 itidem
236 1849 491 1913 observantibus
521 1847 564 1910 ad
596 1869 671 1912 eum
709 1847 936 1931 grammaticis
974 1858 1194 1917 sumtumex

86 1933 241 2023 Aeschyli
261 1932 449 1996 Philoctete
479 1931 659 2016 [fr.234.],
693 1931 783 1993 unde
811 1929 970 1993 discimus
997 1931 1094 1995 vaide
1117 1951 1195 1995 eum

87 2018 145 2083 hac
159 2040 244 2087 voce
260 2017 483 2095 delectatum,
496 2086 499 2097 ,
512 2020 609 2083 cuius
624 2021 780 2083 virtutem
796 2015 885 2076 haud
902 2028 1114 2100 perspectam
1133 2013 1195 2076 hap

89 2107 154 2169 huit
179 2109 351 2189 interpres
369 2102 485 2190 Eurip.
505 2105 542 2165 iu
563 2099 683 2165 Helen.
705 2119 758 2173 vs„
776 2102 848 2164 447.
872 2102 932 2164 uhi
953 2120 1038 2165 auus
1056 2102 1196 2163 ianitrix
1288 2120 1291 2125 ·

89 2188 126 2253 td
139 2185 353 2255 Menelaum:
1113 2210 1119 2217 ·

239 2306 288 2365 Τίς
305 2302 374 2377 πρὸς
391 2298 540 2368 notorum
559 2299 610 2358 οὐκ
628 2298 772 2378 ἀπαλλάξῃ
793 2297 892 2374 δόμων
978 2368 981 2377 Ι

230 2386 332 2459 Ἕίίην
347 2389 496 2460 πεφυκὼς,
519 2382 592 2445 οἷσιν
609 2386 663 2446 οὐκ
677 2390 856 2463 ἐπιστροφαί.

92 2488 298 2557 vertendum
325 2504 397 2555 emt
415 2497 528 2575 quibus
551 2497 671 2555 nullum
694 2499 744 2555 hio
762 2499 861 2557 datur
873 2497 1060 2576 hospitium,
1089 2497 1195 2557 nullus

92 2580 198 2660 φαίνων
208 2582 260 2639 itio
276 2583 456 2640 conceditur
477 2581 696 2640 commorandi·
705 2583 809 2650 locut,
837 2598 906 2639 nou
924 2582 1044 2640 reditus
1068 2602 1113 2641 ecc
1133 2585 1194 2641 hoc
1226 2607 1230 2615 ·

92 2674 184 2735 tura,
215 2678 360 2747 prorsus
394 2671 514 2723 contra
550 2663 672 2747 politae
702 2675 868 2742 mentem3
886 2666 1081 2742 ¹sequentia
1111 2664 1193 2731 satis

92 2744 281 2810 ostendunt.
325 2745 361 2808 lu
375 2745 480 2831 Soph.
498 2744 584 2810 Oed.
599 2743 718 2817 Colon.
732 2766 779 2813 vs.
794 2747 868 2810 555.
883 2752 987 2811 κακῶν
1003 2739 1195 2831 ἐπιστροφάς
1221 2825 1223 2829 Ι

90 2828 199 2895 Schol.
215 2827 366 2914 explicat
379 2833 614 2916 συναθροίσας,
641 2835 784 2915 πλῆθος,
805 2852 867 2895 nec
881 2827 984 2909 male,
1006 2852 1195 2916 quanquam

91 2918 206 3003 teipsa
221 2919 280 2979 vix
294 2914 415 2980 diflert
429 2935 447 2979 a
461 2912 726 3001 significatione,
755 2934 854 2999 quam
873 2921 1057 2999 posuimus.
1102 2916 1197 2981 idem

91 3020 131 3064 vs.
139 3003 233 3067 1099.
242 2998 367 3085 ἀνδρῶν
379 2998 571 3086 ἐπιστροφάς
581 3004 707 3064 iterum
718 3012 811 3064 recte
830 3003 973 3086 exponit
986 2998 1196 3087 ἀναστροφαῖς.

90 3084 125 3147 lu
136 3087 254 3151 verbis
267 3089 435 3170 proximis
453 3088 523 3168 δίκη
536 3085 570 3149 δ’·
582 3084 631 3170 ἄρ’
647 3083 727 3151 είναί
743 3082 856 3173 φηΗσιν
870 3084 1007 3148 vitietur
1025 3088 1197 3150 abundare
1207 3099 1257 3156 181

91 3166 177 3249 ulum,
211 3182 253 3233 ut
272 3168 351 3234 alibi
369 3172 461 3257 apud
480 3174 624 3235 Atticos.
685 3171 845 3252 Sequitur
865 3167 989 3233 abhinc
1010 3192 1078 3235 nou
1096 3170 1199 3254 longe

90 3254 174 3341 ἀνδρὶ
194 3257 276 3343 τῷδε
294 3276 359 3401 pro
378 3257 463 3337 ἐμοί,
493 3258 584 3319 utin
608 3253 715 3402 Soph.
736 3254 858 3319 Trach.
882 3273 929 3319 vs.
948 3258 1037 3319 1191.
1080 3257 1199 3343 Eorip.

91 3338 211 3405 Alcest.
228 3359 274 3403 vs.
318 3344 364 3405 19.
379 3355 414 3404 et
427 3345 497 3405 690.
512 3343 570 3402 ubi
587 3361 650 3404 con
669 3342 823 3405 ‚Barnes
845 3340 935 3402 etad
952 3339 1075 3403 Electr.
1089 3362 1137 3421 vs.
1148 3345 1199 3405 48.

92 3424 164 3491 tlibi
179 3445 247 3512 pro
262 3421 302 3487 mi
314 3425 378 3490 vid.
395 3426 499 3512 Soph.
514 3425 599 3490 Oed.
615 3423 735 3498 Colon.
748 3445 796 3491 vs.
815 3427 904 3488 1499.
946 3425 1086 3488 Aristid.
1101 3426 1197 3489 Tom.

91 3508 140 3576 lli.
158 3533 192 3598 p.
208 3512 283 3575 597.
299 3512 443 3592 ποταμὸν
456 3507 578 3595 φεύγων
590 3508 711 3595 ἀγνοεῖς
725 3514 769 3586 τίς
781 3509 839 3592 τὴν
859 3507 1027 3575 θάλασσαν
1042 3513 1200 3589 ἐμπίπτων

93 3592 175 3681 ὄνὴρ.
218 3595 308 3661 Ado.
326 3595 488 3660 Herodot.
502 3593 560 3660 lib.
576 3597 599 3658 l.
614 3618 641 3659 ο.
660 3598 730 3659 108.
782 3595 892 3677 Atque
913 3599 959 3657 ita
980 3587 1073 3669 οὗτος
1086 3614 1148 3681 per
1163 3613 1201 3656 se

93 3704 156 3761 ego,
178 3695 216 3745 iu
229 3698 343 3766 saepe,
363 3681 536 3765 quomodo
547 3689 631 3761 hreno
644 3701 708 3767 pro
721 3705 768 3745 me
780 3682 871 3769 apud
882 3677 990 3747 Plaur.
1004 3678 1202 3764 Captiulli,

94 3766 120 3844 5,
133 3770 185 3831 79.
199 3774 285 3829 huno
305 3774 352 3830 itu
364 3774 541 3831 velitatione
552 3775 703 3831 coroner.

479 3984 486 3993 “
555 3979 633 4047 Cn.
656 3982 731 4049 XX.

176 4108 235 4172 Vs.
250 4111 324 4174 670.
363 4109 507 4199 Φογόντα
527 4110 688 4198 μητρόθεν
715 4109 834 4179 σκότον.
891 4107 1000 4174 Simili
1022 4109 1124 4173 morlo
1146 4108 1202 4175 lo-

96 4198 207 4277 quitur
229 4194 327 4258 Pintl.
358 4196 453 4260 Nem.
474 4199 539 4259 od.
556 4196 579 4258 l.
607 4198 722 4271 veli&
752 4200 825 4283 [35.
850 4196 908 4279 Β.]
933 4196 995 4261 ἐπεί
1022 4191 1203 4281 σπλάγχνων

95 4282 154 4345 lenc
166 4281 306 4363 ματέρος
327 4280 439 4347 αὐτίκα
459 4281 586 4364 θαητὰν
607 4285 639 4357 ἐς
660 4282 769 4366 αἴγλαν
787 4292 861 4355 παῖς
873 4282 955 4357 Διὸς
973 4281 1068 4346 ὠδῖνα
1082 4278 1204 4365 φεύγων

96 4402 177 4415 --
189 4362 296 4447 μόλεν.
318 4380 352 4431 et
367 4367 480 4453 νηδύος
495 4364 600 4433 σκότον
614 4375 735 4435 iterum
744 4368 865 4434 Aesch.
883 4366 1121 4431 quumeums.
1130 4371 1204 4434 668.

194 4488 198 4495 .
309 4470 313 4499 Ι
1243 4476 1247 4489 ’
