2626 4792
393 136 398 143 ¹
461 133 765 267 PRAEFATIO.
838 238 840 243 ·
1136 211 1177 267 ιι
1299 233 1303 250 »

154 377 537 452 Anianadversiouum
562 381 707 451 libellus
727 395 860 472 pancas
889 332 1028 453 tantum
1051 382 1178 474 plaga.

51 551 104 620 las
128 571 222 618 cum
253 547 432 638 impleret,
470 547 635 616 comitem
662 547 695 615 ei
720 547 804 616 dedi
830 547 998 632 alterum,
1038 547 1175 641 inquo

10 717 130 829 loca
158 712 313 784 tractavi
338 703 600 807 Thucydidis
588 736 627 781 m
642 708 971 793 Dilucidationibus
995 713 1055 785 vel
1073 737 1177 806 prae-
1215 726 1227 742 ‘

58 883 180 966 terita,
220 877 320 946 vel
313 856 405 970 quae
436 867 579 969 plenius
616 877 798 969 explanari
833 826 926 949 velle
949 878 1177 957 videbantur.

60 1047 247 1118 Nonnulla
269 1032 364 1112 nihil
389 1042 562 1113 illustrari
589 1041 712 1134 indiga
739 1068 821 1113 eum
845 1054 984 1116 tantum
1009 1045 1049 1121 in
1069 1045 1177 1117 finem

60 1228 211 1307 utroque
242 1210 287 1279 in
313 1208 436 1279 libello
460 1203 639 1317 ‘adhibui
681 1223 737 1297 ut,
775 1210 950 1282 invitante
981 1201 1176 1294 occasione,

59 1375 150 1450 hunc
177 1378 330 1470 illumve
355 1374 537 1466 scriptoris
561 1326 681 1444 locum
712 1344 947 1462 illustrarem,
981 1391 1043 1447 aut
1069 1377 1174 1446 etiam

59 1547 285 1638 interpretes,
310 1477 558 1610 ta'cite'tamen
584 1543 702 1634 potins
728 1564 837 1637 qnam
856 1484 1048 1611 ¹ambitiose
1068 1543 1176 1611 refel-
1214 1627 1217 1630 Ι

59 1713 179 1794 lende,
207 1706 429 1796 corrigerem.
482 1704 582 1794 Quos
608 1707 719 1811 didici
745 1710 864 1778 locum
888 1708 1091 1802 qnempiam
1106 1733 1173 1777 no-

61 1907 95 1950 va
119 1881 203 1947 luce
229 1869 445 1964 perfudisse,
471 1872 526 1939 vel
550 1873 638 1940 meis
665 1873 704 1939 in
730 1873 825 1940 notis
852 1873 989 1964 aliquid
1010 1873 1172 1942 animad-

360 1986 374 2011 Ι
416 1978 419 1984 .

64 2044 220 2123 vertisse,
248 2033 307 2106 his
327 2038 423 2129 quod
449 2037 557 2105 debui
579 2036 754 2106 minerval
779 2035 882 2120 solvi,
916 2051 956 2106 ut
983 2037 1172 2108 illaudatos
1202 2056 1206 2063 ·
1275 2063 1276 2067 ’

61 2234 124 2287 non
144 2201 367 2296 reliquerim.
420 2201 540 2296 siqui
565 2178 745 2294 praeterea
773 2202 987 2272 nominandi
1012 2204 1171 2289 fuissent,
1214 2233 1216 2237 ¹

59 2397 177 2446 comm
191 2369 305 2438 libros
324 2392 398 2436 non
412 2369 499 2440 vidi.
551 2367 642 2436 Nam
669 2371 766 2460 quod
782 2352 826 2437 ad
846 2370 975 2460 duplex
988 2317 1169 2462 'specimen
1197 2320 1218 2338 Ι,

58 2527 428 2633 critico-censorium,
454 2536 552 2626 quod
579 2522 795 2603 recensionis
817 2523 963 2602 nominc
983 2532 1168 2625 Dilucide-

57 2705 192 2774 tionum
209 2693 523 2794 Thucydidearum
543 2698 683 2790 Lipsiae
705 2714 849 2784 natum,
883 2713 917 2769 et
944 2702 981 2768 in
1008 2701 1167 2792 splendi-
1251 2753 1254 2760 .

57 2867 189 2948 dissimi
215 2863 314 2933 tituli
338 2859 459 2936 Actor.
488 2859 636 2937 Erudit.¹
657 2887 764 2956 opere
794 2889 889 2934 anno
916 2862 1026 2939 1755.
1053 2883 1086 2936 et
1112 2893 1187 2943 se-⁴
1212 2862 1227 2950 J

60 3032 216 3129 sequenti
232 3029 463 3122 publicatum,
490 3029 566 3098 cius
581 3053 646 3120 per
664 3031 782 3136 ipsum
797 3026 1105 3132 Dilucidationum
1120 3034 1167 3107 il.
1191 3080 1193 3085 ·
1235 3019 1238 3032 ¹

56 3204 166 3272 larum
174 3192 397 3279 Auctarium,
411 3194 586 3264 rationem
599 3219 662 3263 cur
681 3158 884 3264 habendam
899 3178 979 3265 non
991 3198 1166 3287 duxerim,

774 3299 780 3325 .

53 3352 112 3460 per
126 3390 166 3434 se
177 3362 281 3432 facile
296 3361 406 3430 lector
425 3360 611 3470 intelliget,
637 3359 702 3430 ubi
719 3382 901 3444 censuras,
920 3375 1015 3456 quas
1031 3361 1088 3436 hic
1103 3392 1146 3436 or
1161 3411 1164 3416 ‚
1231 3433 1232 3445 ,

53 3535 271 3615 dineomnes
288 3519 507 3618 penitissime
522 3526 760 3618 inspiciendas
775 3517 926 3621 daho*),
948 3533 1174 3619 cognoverit

147 3840 247 3911 Haec'
258 3848 391 3924 erant,
434 3858 525 3931 quac
552 3836 604 3904 ‘ad
639 3859 748 3905 unam
773 3864 952 3937 quamque
978 3871 1161 3920 censuram
1284 3874 1286 3879 ’

46 4007 228 4077 monenda
246 4004 466 4074 'videbantur
474 4034 492 4085 ,Δ
512 4022 558 4067 ne
583 4000 641 4067 vel
667 3999 790 4125 exigua
817 4007 1000 4079 literatura
1025 4008 1160 4101 Graece

76 4265 118 4326 [)
148 4258 240 4311 Nobis
260 4255 439 4309 omittendae
456 4253 588 4320 fuerunt,
617 4261 648 4305 ut
673 4242 767 4320 ipsum
786 4253 1027 4312 Dilucidationom
1049 4260 1164 4335 [lucy.
1210 4258 1212 4260 ’

110 4358 261 4415 (tubarum
279 4359 467 4439 Auctarium]
567 4360 571 4373 ⁸
769 4361 771 4365 ⁴
