2626 4792
356 218 425 297 An
447 220 648 298 serrem
672 225 715 303 o.
739 225 946 306 russis
1096 326 1100 331 ¹
1150 232 1202 305 oo

93 394 242 485 φρόνησιν
253 395 477 483 sedatumque
493 400 643 461 animum
660 398 867 466 subindicari
882 406 1059 486 statueris,
1087 422 1200 473 amen

94 484 225 567 quidem
244 482 374 547 iudicio
392 480 483 546 haud
503 483 684 548 dissidebis
699 485 741 564 *).
798 484 932 552 Deinde
959 491 1119 557 observes
1139 492 1199 555 lo-

94 568 215 653 quendi
233 568 370 631 modurn
386 566 488 651 σάρκα
508 566 595 655 φέρει
611 564 742 650 ἡβῶσαν
760 582 880 635 nostro
902 572 1002 661 piane
1014 580 1203 662 geminump

95 674 154 739 quo
167 654 313 718 dicimus
328 678 379 717 een
393 661 500 732 srook,
529 660 658 735 eliendig
678 652 815 734 ligircmn'
836 662 952 739 drogerr
968 671 1002 724 et
1016 666 1195 742 omdrogerr.

95 732 168 824 σάρξ
182 759 250 820 pro
273 762 401 821 corpore
421 738 510 822 apud
529 736 613 801 aiios
630 759 764 821 quoque
785 746 964 826 reperitur.
1015 744 1195 830 Euripides

94 830 120 889 io
138 829 256 889 nescio
267 820 282 911 Ji
293 828 388 886 cuius
403 821 535 887 fabulae
548 836 648 889 versu
668 820 724 908 [ir.
738 827 859 889 incert.
878 831 947 907 127,
966 830 1024 914 1.]:
1043 827 1107 895 ὅδ’
1124 829 1195 914 άρτι
1206 836 1256 897 122

94 908 217 976 uitem
229 911 331 994 σάρκα
344 907 487 994 άιοπιτῆς
505 907 590 982 ὅπως
602 908 718 991 Ἀστὴρ
733 907 863 993 ἀπέσβη.
901 924 935 975 et
952 916 987 977 in
1003 914 1197 979 multitudi-

94 1001 139 1060 nis
153 992 436 1057 numereriien.
453 994 610 1057 deAnim.
626 991 680 1055 lib.
697 994 722 1057 l.
738 1014 764 1057 c.
776 1000 822 1058 13.
841 997 903 1060 sub
921 995 973 1060 fin.
989 1001 1091 1065 δεῖταῖ
1106 996 1197 1066 noni·

92 1107 129 1168 ιρι
142 1087 276 1166 inpari]
288 1078 347 1162 τὴν
361 1077 541 1161 αἱρεθεῖσαν
553 1075 673 1160 ὡραίαν
687 1102 720 1141 τε
731 1075 827 1160 Ιεἶναι,
847 1083 901 1145 καὶ
915 1075 947 1146 εἶν
960 1065 1098 1167 ἥκοησάν
1115 1062 1196 1171 σαρ-

92 1173 147 1230 ιάν
161 1169 183 1229 i.
198 1188 225 1228 e.
248 1187 376 1249 corpore
396 1172 469 1226 berre
485 1176 648 1243 curatam,
680 1182 740 1226 seu
757 1176 793 1227 ut
806 1169 977 1253 interpres
992 1174 1064 1233 bene
1077 1194 1197 1253 corpu·
1266 1198 1269 1205 ·

91 1258 218 1327 ἱιαιιιαι,
246 1271 314 1313 non
339 1245 400 1313 άσα
424 1273 478 1313 κον
497 1248 587 1333 quod
607 1250 761 1333 sequitur
779 1251 915 1316 ibidem.
970 1255 1048 1319 Vid.
1063 1267 1096 1319 et
1111 1254 1198 1319 Pio-

91 1336 180 1400 chen.
196 1337 304 1399 niatr,
320 1331 388 1414 §L
422 1335 447 1397 l.
490 1334 577 1397 Tum
591 1334 860 1419 ut·hicrrod'oiuec
874 1336 981 1417 άμμα,
1003 1342 1052 1403 ἐἰσ
1061 1337 1197 1423 χάλκευ-

87 1447 130 1502 μα
150 1422 291 1497 ποδῶκες
309 1423 344 1483 iu
362 1416 512 1505 Choeph.
525 1437 573 1484 νε.
586 1418 674 1498 574.;
695 1423 862 1501 genitivus
881 1423 1014 1501 άσπῖάος
1033 1426 1195 1511 pendete

87 1505 260 1591 ραμνιιιθέν.
302 1505 411 1573 Porro
419 1506 463 1567 ed
479 1501 564 1567 illud
574 1513 664 1588 χεῖρα
680 1503 716 1571 δ’.
728 1504 765 1569 οὐ
776 1505 963 1590 βραδύνεται
973 1509 1099 1574 referas
1114 1508 1196 1575 licet
1271 1588 1273 1592 Ι

88 1591 177 1675 q'uod
191 1609 294 1679 supra
306 1608 353 1656 νε.
367 1589 438 1653 560.
454 1591 522 1671 χεὶρ
542 1585 652 1681 ὅρρῖπὸ
666 1587 828 1671 δράσιμον.
882 1592 985 1680 Soph.
1000 1599 1036 1657 in
1051 1593 1195 1661 Philoct.

88 1696 130 1741 νε.
145 1679 198 1741 98.
218 1685 308 1760 χεῖρα
327 1672 404 1755 ἔχειν
422 1674 551 1758 ἐργάτιν.
603 1675 696 1737 Infra
715 1679 751 1737 in
767 1678 879 1761 rigam.
905 1700 952 1744 νε.
969 1682 1058 1744 1366.
1079 1678 1117 1745 οὐ
1134 1706 1195 1744 κα·-

86 1762 207 1827 ereren
219 1763 297 1847 χερί.
340 1758 455 1845 Eurip.
472 1763 506 1821 in
524 1757 652 1823 Phoen.
669 1780 715 1825 νε.
730 1764 800 1824 760.
815 1761 860 1844 μη
878 1776 1042 1849 καταρρεῖν
1054 1765 1143 1848 χέρα,
1158 1776 1194 1830 et

88 1845 216 1911 Heliod.
232 1847 288 1911 lib.
302 1844 357 1908 lli.
376 1867 410 1931 p.
428 1848 497 1909 128.
517 1844 615 1926 μηδὲν
638 1843 779 1926 ἀσχολεῖν
800 1846 859 1922 τάς
879 1858 993 1932 χεῖρας.
1041 1849 1194 1912 Verbum

87 1926 222 2015 ἁρπάσαι
245 1931 360 1993 itidem
386 1928 471 1994 valet
492 1931 533 1993 ad
552 1927 735 2015 agilitatem
765 1928 1039 2018 celeritatemque
1064 1937 1194 1998 sisten-

88 2016 168 2079 dam.
220 2016 357 2080 Lucian.
374 2018 408 2076 in
432 2015 519 2077 Tox.
542 2036 575 2099 p.
592 2014 643 2077 52
663 2014 706 2120 [c.
724 2017 753 2077 6.
768 2014 830 2078 vol.
848 2016 888 2092 11,
913 2041 944 2103 p.
961 2019 1048 2103 514]
1067 2018 1127 2102 τὴν
1144 2017 1191 2083 ἐπ’

89 2102 198 2169 ἔκεῖνον
210 2099 383 2185 φερομένην
397 2099 518 2182 πληγὴν
530 2123 738 2184 προαρπάσας
750 2106 796 2187 τῷ
809 2098 906 2166 adteri
920 2100 1049 2184 σάματι.
1068 2100 1193 2170 nobiti.

90 2184 155 2251 Tat.
172 2185 229 2250 lib.
248 2186 288 2249 Π.
303 2207 335 2271 p.
350 2190 418 2249 187.
433 2185 480 2271 [p.
495 2184 548 2262 62,
561 2190 612 2249 20.
626 2184 705 2268 lau]
725 2184 761 2251 τὸ
781 2183 939 2267 μειράκιον
957 2189 1120 2272 παραθέον
1133 2184 1194 2272 ἆρ-

90 2270 167 2351 πάζει
182 2271 241 2353 τὴν
254 2268 363 2354 βολήν.
405 2268 510 2356 Soph.
526 2273 559 2332 in
574 2270 665 2333 Aiac.
682 2290 727 2335 νε.
739 2274 769 2336 2.
784 2283 893 2354 πεῖραν
905 2270 1043 2360 ἁρπάσαι
1055 2275 1116 2356 ipe
1137 2279 1195 2351 ῶν,

89 2368 119 2421 et
135 2356 246 2441 καιρὸν
267 2352 405 2441 ἁρπάσαι
420 2355 551 2441 loseph.
566 2354 603 2418 B.
618 2353 643 2416 1.
660 2352 718 2418 iib.
735 2355 758 2417 Ι.
783 2378 811 2419 c.
825 2359 855 2436 5,
869 2359 898 2421 4.
948 2299 1195 2442 Elegans'iilnd
1296 2346 1306 2359 ’

89 2441 206 2505 Herod.
221 2441 277 2505 tib.
296 2442 333 2503 V.
347 2462 375 2504 c.
393 2441 442 2504 50.
463 2435 480 2504 ὃ
504 2440 538 2505 δὲ
552 2436 742 2525 ὑπαρπάσας
756 2439 812 2504 τὸν
832 2442 989 2508 ἐπίλοιπον
1003 2440 1112 2530 λόγον,
1136 2443 1193 2508 τὸν

90 2521 104 2591 i
119 2523 341 2613 Ἀρισταγόρης
352 2525 481 2610 ὥρμητο
494 2525 589 2609 λέγειν
597 2523 761 2588 e-sseine.
803 2524 867 2590 Cui
882 2529 1060 2612 gemellum
1074 2526 1194 2593 exem·

89 2612 175 2697 plum
197 2633 241 2675 ex
265 2612 455 2678 'l'hemistio
485 2611 563 2674 dedi
581 2615 617 2674 in
638 2610 995 2689 Animadversionibus
1018 2615 1060 2689 ad
1080 2616 1195 2700 Hesy-

90 2697 195 2761 chium
217 2718 246 2763 v.
268 2693 409 2783 κολοβός.
455 2695 541 2761 Add.
565 2695 689 2783 Cuper.
711 2695 753 2758 ad
772 2695 905 2764 Petron.
928 2721 957 2762 c.
978 2703 1028 2765 80.
1076 2699 1193 2764 Horat.

87 2782 140 2848 lib.
153 2782 196 2849 ΙΙ.
212 2781 278 2847 Od.
297 2782 369 2845 xil.
383 2778 445 2846 ult.
880 2790 882 2795 ’

335 2924 407 2937 --
423 2893 507 2950 feeiii
524 2864 751 2966 suevitin'neget
772 2898 900 2970 (oucule)

234 2968 336 3041 ssQuee
346 2978 485 3041 percepte
503 2968 596 3039 magis
613 2969 741 3039 gaudent
757 2969 832 3039 eripi
921 2986 925 3017 z
1177 2980 1180 2985 ·
1200 2969 1252 3029 ω

303 3040 306 3047 “
334 3038 485 3092 Interdum
503 3055 606 3108 repere
626 3047 759 3109 occupet.

84 3136 866 3225 Schoivetoccuporinterpretenturcxpeti13
893 3157 955 3248 epo
975 3152 1109 3222 οσοιιμαι
1131 3162 1192 3202 ro-

130 3254 147 3292 ι
174 3223 310 3301 Graeco
338 3244 433 3290 more
460 3226 589 3289 dictum
617 3239 734 3311 putem
761 3245 826 3311 pro
854 3229 971 3310 ρθανιι
998 3219 1191 3304 άρπάζονσαι

82 3252 170 3379 iiiec
191 3312 234 3377 de
252 3311 364 3378 verbis
384 3309 544 3395 singulis,
572 3330 656 3394 quae
678 3310 878 3375 videbantur
892 3307 1119 3394 explicatione
1131 3311 1192 3372 in·
1233 3386 1238 3395 Ι

83 3400 202 3485 digere.
266 3396 537 3460 Examinandum
572 3407 676 3459 restat
711 3398 801 3458 inter
837 3414 873 3458 se
900 3391 1190 3477 quicohaereant

82 3488 200 3547 omnia.
243 3482 441 3545 structurae
454 3482 558 3559 ordo,
584 3485 620 3552 in
635 3501 703 3565 quo
717 3479 918 3545 extricando
931 3478 1044 3543 oleum
1057 3488 1091 3541 et
1104 3499 1125 3540 o
1151 3498 1190 3540 e-

81 3587 147 3631 ram
161 3566 388 3655 perdiderunt
404 3580 532 3634 veteres
549 3568 677 3641 critici,
703 3568 833 3648 quique·
850 3586 913 3629 neo
927 3566 1104 3649 interpreti
1123 3500 1191 3627 ibit

78 3656 232 3741 peruiuS,
259 3652 315 3715 hic
337 3664 389 3715 est
408 3655 445 3715 ni
467 3650 585 3716 fallor:
615 3650 661 3716 Ι’τὸ
681 3650 715 3714 δὲ
734 3647 864 3733 δόρατά
880 3648 1031 3731 μετάτὴν
1048 3656 1138 3730 χεῖρα
1150 3644 1189 3715 ori
1299 3719 1301 3723 ,

79 3736 264 3826 βραδύνεται
285 3733 424 3821 ἁρπάσαι
446 3739 482 3803 τὰ
507 3742 564 3801 τοῦ
594 3733 741 3816 σώματος
763 3734 859 3820 μέρος
879 3734 915 3800 τά
938 3730 1190 3816 παραγνμνιαθὲν

78 3832 132 3909 τῆς
146 3821 281 3898 doridos
293 3825 313 3884 i.
328 3844 355 3886 e.
371 3845 426 3885 ασσ
442 3835 613 3885 σιιπσῖσῖιιν
622 3828 718 3883 bosio
731 3827 763 3882 in
785 3844 883 3885 manu
897 3842 1021 3901 rupere,
1047 3840 1101 3879 seu.
1114 3822 1189 3879 vui-

78 3933 133 3975 mu
154 3910 309 3992 infligere,
339 3932 402 3991 ηαιι
422 3913 469 3971 nel
490 3910 772 3988 tantillum'olypeo
786 3910 907 3968 nudum
924 3904 1098 3965 ostenditur
1107 3923 1189 3994 poor-

76 4016 152 4079 ραι,
185 4011 288 4057 sensu
316 3992 609 4068 commodissimo,
637 4010 737 4072 quem
763 4009 882 4052 eruere
902 4006 968 4048 non
989 3987 1074 4070 quiri
1098 3997 1189 4065 sunt,

79 4082 200 4164 quibus
221 4096 290 4161 quo
311 4088 401 4142 esset
421 4075 598 4141 referenda
620 4071 640 4159 ἡ
659 4071 745 4159 παρά
766 4075 959 4163 perspicere
973 4068 1061 4133 haud
1075 4068 1189 4152 licuit3

79 4234 304 4253 *⁸⁸¹¹*-

109 4336 139 4405 *)
166 4334 255 4389 coni.
278 4333 311 4385 in
330 4350 393 4386 rem
411 4332 535 4389 eundem
553 4336 642 4391 Bern.
663 4330 791 4386 Mertiu.
809 4327 860 4382 lib.
874 4329 914 4383 11.
937 4329 1003 4386 Ver.
1022 4326 1104 4383 [σοι.
1121 4345 1147 4382 c.
1159 4328 1188 4382 6.

142 4404 249 4473 [ΑΒΗ.
264 4421 293 4475 p.
306 4404 383 4491 ⁶⁶⁰5]
