2626 4792
169 212 222 288 μ
449 192 545 284 nin.
556 190 589 284 1.
630 205 736 283 otu.
751 205 852 286 xvr.
868 206 988 287 xvn.
1039 294 1042 303 ,

169 381 250 451 md
263 380 394 449 Κλίανα
412 372 453 465 ἦν
472 377 510 447 τό
530 380 660 461 δρᾶμα,
688 376 798 443 multo
817 383 932 447 minus
950 385 1158 450 novissimus
1172 384 1282 453 editor

169 468 387 534 doctissimus
400 468 502 529 unius
517 465 645 530 codicis
661 468 865 529 auctoritate
880 465 1020 553 reliquis
1035 468 1281 557 iniragantibn

170 557 303 619 cunctis
318 557 353 617 in
368 559 568 616 contextum
580 549 776 615 admisisset
787 548 942 627 Κλέωνος.
988 553 1128 621 Aristid
1142 554 1243 625 Turn.
1259 556 1281 625 λ

168 660 203 725 p.
216 629 289 701 025.
302 634 406 721 ὥσπερ
418 632 490 713 ἑνός
501 629 739 721 (ψηφίσματος)
760 635 955 719 νενικηκότος
973 643 1030 703 τοῦ
1043 637 1126 705 need
1138 640 1283 723 Δαρεῖον.

59 718 64 729 ’
169 724 229 787 ubi
244 718 358 787 Sobol.
374 721 440 787 bis.
454 731 551 785 notat
566 739 640 785 esse
653 722 853 807 antiptosis.
890 720 984 786 ldem
999 744 1030 809 p.
1045 726 1119 787 246.
1133 727 1216 790 saed
1231 718 1282 792 obn

111 801 244 884 108τοὺς
254 807 459 880 ἐκπίπτοντας
478 800 494 891 ΙΙ
513 805 548 870 ἓν
561 810 619 888 τῆς
636 807 811 888 ναυμαχίας
823 801 944 890 ἐτάχθη
956 807 996 872 τὰ
1009 804 1102 894 νόρια
1116 815 1175 895 τῆς
1186 808 1281 899 στρόι

168 900 245 970 ταῖς.
287 893 375 956 Add.
388 888 484 956 dem.
500 890 596 955 Porti
612 889 732 955 Lexic.
746 890 872 954 Herod.

203 1022 207 1031 ·
254 979 312 1041 VS.
327 976 399 1041 519.
422 974 489 1040 Διιλ
498 975 694 1061 χερόςβίλος
709 974 837 1061 φλέγων.
881 973 987 1063 Soph.
1002 978 1038 1040 in
1050 976 1203 1046 Aiacvs.
1212 981 1279 1045 196.

167 1060 248 1127 όταν
266 1059 418 1144 οόρανίαν
435 1060 557 1146 φλέγων
577 1061 600 1124 i.
619 1082 646 1124 e.
667 1062 833 1143 ζωπυρῶν,
859 1056 1023 1147 ιλνεμίρων
1036 1054 1150 1127 sotici.
1172 1069 1279 1129 inter-

168 1159 277 1233 prete.
320 1145 365 1208 Et
381 1145 498 1232 Ebrip.
513 1148 550 1208 in
564 1144 691 1210 Phoen.
708 1165 756 1210 rs·
772 1145 845 1210 257.
866 1143 948 1232 ἀμφὶ
967 1145 1056 1212 πόλιν
1078 1147 1173 1233 νίφος
1186 1147 1279 1217 όοπί·
1293 1192 1304 1217 t

33 1266 39 1285 x
168 1234 234 1297 δαν
248 1230 357 1316 φλίμει.
384 1231 555 1315 quomodo
567 1229 642 1294 Lat.
666 1237 826 1295 incendere
849 1244 883 1296 et
904 1238 1070 1298 accendere
1083 1252 1150 1321 pro
1164 1233 1278 1325 splen-

166 1316 287 1403 didum
300 1315 433 1397 iacere,
454 1320 565 1383 ardere
580 1312 801 1405 splendorem
820 1319 987 1383 emittere.
1155 1336 1162 1355 ·
1204 1330 1241 1375 ι.

556 1602 560 1613 Ι
612 1512 696 1582 Cer.
720 1515 826 1582 xvlt

251 1649 313 1715 Vs.
327 1648 403 1716 689.
580 1663 651 1704 --“·
665 1663 774 1738 ματρὸς
790 1665 821 1729 tt
841 1632 978 1738 όρεσνόοό
1048 1670 1051 1675 '
1112 1716 1116 1729 .
1226 1702 1231 1709 ·

460 1743 608 1823 βλάστημα
624 1753 822 1825 ναίλίπραρον
837 1749 993 1826 ἀνδρόπαις
1009 1746 1090 1824 υλνῆρ.

163 1851 321 1940 όρισκῶος
343 1851 506 1917 scribitur
526 1854 563 1915 in
587 1850 761 1940 Hesycbio
789 1865 824 1917 et
846 1852 968 1934 Suida,
992 1865 1109 1937 tatquo
1133 1855 1183 1917 ita
1209 1852 1236 1941 ii¹
1294 1850 1305 1889 ‘³

145 1934 612 2107 'restituentis
625 1940 855 2112 tendet
868 1938 1305 2112 1051110111οῑ

164 2120 277 2177 temen
302 2107 360 2173 bic
390 2107 481 2194 apud
506 2105 732 2194 Aeschylum,
762 2113 813 2174 sic
846 2113 882 2173 in
910 2109 1116 2174 editionibus
1144 2109 1274 2173 Barnes.

164 2194 409 2267 vetustioribus
426 2194 643 2275 comparebat
657 2190 816 2276 ὄρίσιιοος,
836 2197 872 2257 in
888 2192 952 2258 hac
969 2193 1061 2258 nulla
1079 2193 1168 2259 iacta
1184 2214 1271 2257 men·

107 2278 159 2335 1⁰9
166 2285 261 2347 tione
276 2287 460 2359 mutatum3
486 2286 525 2338 ut
540 2274 634 2364 Cyci.
658 2293 706 2343 vs,
722 2280 792 2343 246.
814 2275 832 2367 Η
856 2281 914 2343 ubi
930 2299 995 2367 pro
1009 2276 1206 2365 ἦμεροσνόου
1216 2300 1271 2345 ex·

167 2384 288 2433 cusum
308 2361 365 2446 εἴμ’
385 2357 545 2448 ὀρεσκόου.
599 2359 701 2426 Aliud
721 2366 961 2429 coniicientem
990 2366 1067 2432 vide
1087 2363 1214 2452 Spanb.
1237 2362 1272 2427 ed

165 2447 299 2519 callim
314 2447 346 2512 h.
358 2446 457 2512 Dian.
472 2466 521 2515 vs.
533 2443 586 2509 85.
627 2445 667 2509 ln
688 2446 976 2515 sementina.
997 2446 1187 2516 similitudo
1201 2438 1271 2513 tini

165 2554 283 2601 rarum
305 2529 494 2597 finientium
526 2531 659 2612 πλησίον
690 2534 888 2599 exturbasse
928 2533 1150 2614 videtur'dir,
1188 2532 1272 2620 quod

165 2640 205 2687 rc
230 2640 317 2696 ono,
346 2637 450 2684 sensu
469 2621 518 2681 ita
537 2618 662 2701 opinor
691 2613 872 2700 flagitante.
923 2619 1055 2684 Deinde
1076 2632 1115 2684 ut
1135 2621 1271 2700 bionn-

48 2724 51 2733 ·
164 2642 243 2791 πρός
266 2700 453 2788 βλάστημα,
484 2704 535 2767 εἰσ
562 2700 687 2778 λέοντος
708 2700 918 2788 βλαστήματα
937 2703 1056 2793 Eurip.
1077 2703 1210 2770 Heracl.
1232 2720 1271 2769 vs

167 2793 260 2858 1006.
273 2801 313 2855 ut
322 2790 416 2873 Virg.
430 2794 552 2851 leonum
564 2795 696 2851 semino.
725 2788 777 2853 De
792 2809 875 2855 voce
891 2792 1106 2876 ναλλίπραρος
1118 2788 1272 2875 agitPot-

163 2888 228 2943 ter.
243 2875 287 2938 ad
306 2874 335 2939 L
362 2872 479 2960 copbr.
499 2890 547 2939 vs·
562 2876 614 2936 23.
657 2873 710 2936 De
726 2877 803 2938 navi
816 2877 925 2939 utitur
939 2873 1056 3022 Eurip.
1076 2879 1111 2938 in
1124 2854 1272 2941 Medic

165 2963 259 3027 1835.
273 2982 318 3023 un
345 2981 363 3023 e
379 2958 596 3041 ναλλίπραρον
609 2953 730 3043 σνόφος
748 2963 827 3024 citat
835 2959 990 3041 Eustath.
1003 2980 1020 3023 a
1059 2960 1100 3023 lt:
1109 2962 1149 3025 Β.
1164 2954 1271 3049 φλὸί.

162 3046 220 3111 fin.
237 3047 327 3130 [810,
339 3044 406 3129 28]
455 3042 510 3106 Ex
529 3040 702 3126 ἀνδρόπαις
723 3042 1091 3132 α’νῆρΊφοορλιτοσεαι
1109 3049 1272 3130 accepisse

163 3150 264 3199 suum
275 3130 426 3210 νίανδρος
438 3126 511 3194 vult
523 3130 596 3191 eius
611 3126 723 3194 Schol.
736 3130 778 3193 ad
793 3144 840 3198 vs.
855 3132 946 3195 1345.
959 3143 1002 3200 et
1012 3133 1145 3194 monuit
1152 3127 1272 3219 Spanh.

163 3216 209 3282 cd
221 3211 352 3282 Gallim.
374 3214 490 3304 hymn.
513 3209 590 3277 Cer.
606 3231 654 3280 vs.
668 3214 720 3280 85

250 3320 310 3398 VS.
326 3330 400 3397 641.
416 3406 426 3413 „
443 3347 553 3415 Στείχει
572 3342 603 3399 δ’
626 3346 720 3406 ἴουλος
737 3341 800 3418 ἄρτι
817 3343 865 3401 διὰ
883 3344 1030 3418 παρηίδων

432 3423 521 3501 Ὥρας
539 3423 664 3499 φυούσης
680 3460 766 3483 --.

163 3528 267 3616 Quod
279 3541 401 3596 nostro
416 3531 524 3613 στείχει
539 3530 642 3605 ἴουλος
655 3530 708 3594 ded
722 3530 895 3615 παρηίδων,
910 3528 944 3593 id
958 3529 1117 3619 Xenoph.
1131 3530 1273 3617 inSym-

160 3636 237 3703 pos
250 3637 283 3702 p.
298 3615 373 3692 515,
387 3619 439 3681 40.
465 3615 494 3700 [l
502 3619 539 3696 V,
555 3615 621 3762 28}
641 3613 744 3703 τοότφ
764 3614 850 3701 παρὰ
870 3614 912 3697 τό
929 3607 997 3681 ὦτα
1018 3614 1089 3702 όρτι
1104 3617 1211 3694 λὀυλος
1222 3644 1274 3682 να-

161 3701 281 3787 diense.
324 3700 426 3768 Unde
445 3699 536 3764 forte
553 3698 604 3763 Po
619 3699 679 3764 lux
692 3700 733 3778 11,
752 3705 800 3764 10.
825 3700 911 3785 παρὰ
930 3700 970 3766 τὰ
991 3693 1058 3766 ὦτα
1079 3705 1276 3784 καθίρποντα

160 3787 218 3852 τόν
233 3786 337 3851 ἴουλον
353 3784 432 3868 ἔχων
444 3784 487 3867 *).
531 3784 641 3849 Verba
659 3797 832 3872 postrema
849 3786 936 3871 ὥρας
951 3785 1092 3872 φυοόσης
1102 3791 1195 3852 varie
1214 3810 1275 3853 ex·

163 3875 265 3958 ponit
276 3870 389 3936 Schol.
402 3871 442 3937 Λ.
462 3888 563 3955 quam
579 3867 703 3934 ultimo
722 3868 800 3935 loco
816 3875 914 3956 ponit
929 3870 1190 3961 explicationem
1205 3894 1276 3937 am-

188 3958 314 4032 lector‚
351 3967 390 4019 ut
406 3959 452 4020 sit
475 3952 561 4042 ὥρας
581 3951 723 4041 φυοόσης
745 3977 875 4042 nempe
891 3955 988 4024 αὐτὸν
1006 3961 1027 4024 i.
1043 3980 1072 4021 e.
1094 3956 1275 4024 nisiinter.

161 3977 344 4128 proprium
366 4048 443 4106 enni
464 4053 646 4128 temporum,
660 4038 751 4129 φόαν
777 4041 933 4131 καρποὺς,
969 4054 1007 4111 ut
1035 4057 1137 4109 imae
1167 4044 1277 4132 φέρειν.

160 4197 392 4214 Ἄ

195 4298 226 4371 *)
242 4299 400 4353 Herodian.
420 4300 451 4352 in
472 4301 633 4356 Commodo
650 4321 678 4374 p.
690 4301 753 4358 896.
770 4305 806 4373 [l,
820 4304 859 4371 7.]
875 4306 968 4361 ίουλοί
984 4321 1012 4359 τι
1031 4300 1118 4358 αὐτοῦ
1136 4301 1275 4360 κατιόντα

229 4373 291 4431 ταῖς
308 4374 436 4444 παρειαῖς
454 4368 606 4441 ίπὴνθουν.
642 4375 748 4445 [ADD.
768 4392 799 4446 p.
811 4375 886 4441 660]
