2626 4792
150 215 204 288 en
465 282 469 289 ,
524 206 619 287 um.
638 207 667 285 1.
704 203 889 286 οων.
975 318 978 327 Ι

153 384 285 448 Verum
306 380 397 445 unde
423 383 522 449 istam
550 378 709 445 lectionis
733 379 965 465 diversitatem
990 384 1176 469 arripuerit
1199 398 1271 447 non

94 469 287 557 ‘itprodit3
308 479 346 531 ut
358 465 459 529 facilc
470 466 630 552 adpareat
643 477 701 527 aut
716 462 733 553 ΙΙ
746 486 789 530 ex
804 469 1017 546 coniectura,
1038 479 1095 531 aut
1110 468 1198 531 male
1211 472 1272 530 in-

153 567 272 641 specto
286 551 364 614 loco
378 562 455 613 nata
469 550 519 630 *):
549 549 633 613 nihil
652 552 743 614 enim
759 555 889 614 variant
904 554 1058 629 codices,
1080 572 1166 638 quos
1182 573 1271 618 con-

153 637 332 703 suluerunt
353 636 501 699 editores
517 633 586 714 **);
614 656 680 699 nec
700 634 907 700 dissentiunt
925 634 1110 720 editiones;
1137 636 1272 703 surtra-

150 735 252 811 gante
266 727 407 807 insuper
420 717 575 785 Eustatlt.
591 720 633 781 ad
648 719 827 802 odyssA.
846 742 877 803 p.
894 724 944 795 18,
964 725 1013 785 26.
1029 723 1117 806 [lias.
1131 745 1164 810 p.
1176 723 1272 802 1889,

153 806 340 889 10.Hom.]:
356 805 436 887 quid
452 807 542 887 quod
556 824 624 869 non
640 807 789 889 potuerit
802 801 900 870 aliter
916 808 1066 871 scribere
1079 806 1274 895 Aeschylus

152 892 337 958 manifesto
351 890 503 953 imitatus
518 889 704 952 Homerum
718 886 740 950 l
756 890 790 953 d.
814 910 860 955 rs.
875 891 928 955 68.
947 903 985 955 ut
1005 894 1094 955 hene
1112 894 1272 957 observet

154 975 260 1041 Staul.
283 977 469 1061 speciosius
490 973 689 1037 advocasset
702 973 832 1038 Potitus
852 974 976 1038 Herod.
996 976 1053 1038 lib.
1069 977 1127 1040 lV.
1148 978 1271 1041 0:184.

152 1077 221 1147 ‘¹¹³⁰
234 1055 1272 1232 iiiiiiitss‘,iiiiii.i³.⁰iiii‘.ii⁰iti⁰,l2iiissiri·

151 1172 215 1212 ναι.
454 1191 460 1204 ·
1251 1182 1271 1197 ·

153 1229 389 1304 commodum,
416 1228 613 1310 quodvidit
629 1225 788 1309 Scaliger.
839 1228 1036 1294 Herodotus
1055 1235 1145 1294 enim
1162 1232 1271 1295 refert

151 1335 346 1382 sermonem
360 1310 469 1398 vulgi,
496 1332 641 1397 eumque
656 1311 698 1376 de
714 1311 929 1394 Atlantepet
945 1315 1112 1379 Pindarus
1127 1319 1270 1388 Aetnam·

152 1399 302 1487 οὐρανίαν
321 1410 417 1465 vocat
436 1398 532 1462 κίονα.
583 1396 744 1475 lllumsi,
773 1403 812 1459 ut
829 1398 1037 1486 Aeschylus,
1068 1401 1109 1462 ad
1128 1402 1270 1465 Homeri

152 1482 345 1571 exemplum
365 1502 434 1545 non
456 1481 542 1544 coeli
562 1482 686 1558 modo,
723 1483 783 1547 sed
805 1495 840 1546 et
862 1496 974 1550 terrae
1001 1487 1089 1549 κίονα
1114 1486 1271 1561 dixisset,

151 1588 325 1651 nunquam
338 1571 380 1629 ‚in
396 1566 559 1650 Scaligeri
574 1565 876 1652 reprehensionem
895 1572 1107 1635 incurrisset.
1150 1573 1270 1634 llatio-

151 1676 251 1730 nem,
272 1672 372 1736 quant
385 1651 516 1716 Petitus
531 1650 620 1715 haud
639 1655 835 1738 perspexit,
856 1666 934 1738 pete
952 1676 995 1717 ex
1008 1654 1189 1721 Eustathio
1202 1655 1225 1720 l
1240 1656 1270 1720 d.
1289 1662 1293 1707 ἱ

239 1738 297 1803 Vs.
316 1737 388 1802 485.
432 1734 547 1800 Schol.
562 1736 601 1800 A.
624 1734 683 1798 lin.
700 1742 729 1799 8.
770 1735 929 1819 Ἀχιλλεὺς
949 1740 983 1803 ἐν
1003 1750 1069 1817 τοῖς
1087 1743 1189 1827 Φρυξὶ
1206 1743 1270 1805 Σο·

179 1823 314 1899 oniense.
364 1821 489 1906 Spanh.
509 1819 552 1882 ad
574 1823 697 1884 comici
716 1820 800 1884 Han.
822 1841 870 1888 vs.
885 1826 955 1887 950.
979 1837 1012 1888 et
1035 1848 1135 1909 quem
1157 1827 1270 1890 laudat

152 1848 332 1993 licurgus
355 1911 566 1970 substituunt
587 1902 768 1988 Αἰσχύλου,
794 1908 886 1990 quod
908 1929 927 1971 a
947 1909 1118 1997 Sophocle
1133 1934 1204 1976 non
1218 1910 1269 1975 le-

175 2013 270 2058 amus
288 1991 355 2056 tale
377 1990 492 2055 drama
508 1989 721 2077 proiectum
742 1994 844 2074 quisi
865 2013 962 2057 error
979 2004 1048 2073 est,
1069 2001 1146 2081 quis
1158 1999 1269 2064 Sciro-

151 2016 275 2146 lieston
292 2098 336 2142 eo
350 2070 536 2139 immunem
552 2073 787 2161 praestiterit?
799 2074 870 2161 ***)

239 2164 299 2227 Vs.
314 2161 387 2225 394.
432 2160 472 2222 ln
489 2158 652 2223 Schol.B.
673 2158 847 2247 lip’e‘vdc.
891 2161 993 2246 Quod
1009 2166 1090 2230 dicit
1106 2167 1208 2234 verba
1219 2172 1270 2231 vi-

151 2254 248 2314 demii
262 2251 307 2311 ob
321 2249 488 2308 rationem
502 2243 678 2329 allegatam
692 2241 781 2307 haud
792 2254 946 2312 construi
962 2272 1038 2313 curn
1052 2272 1132 2315 casu
1144 2273 1270 2317 secun-

154 2336 218 2409 do,
242 2348 362 2399 vereor
377 2351 420 2395 ne
436 2332 676 2415 exceptionem
689 2328 778 2395 ierat
791 2332 839 2415 †).
883 2331 985 2429 Certe
1002 2340 1030 2402 si
1047 2340 1147 2404 rerba
1161 2338 1271 2424 uongi

154 2486 384 2507 *1-

188 2590 217 2657 *j
236 2586 299 2641 Nisi
313 2587 390 2639 forte
400 2572 511 2641 Metire.
528 2595 643 2641 secutur
658 2587 697 2643 ed
709 2588 854 2659 Lycophr.
869 2592 1023 2648 Cassandr.
1039 2613 1079 2649 ve.
1092 2596 1152 2650 280.
1165 2597 1218 2666 qui
1230 2596 1274 2651 itt

224 2655 355 2723 exhibet,
372 2666 460 2735 prout
474 2656 517 2709 ihi
531 2673 583 2710 etto
596 2676 685 2728 acopo
703 2660 876 2715 inserviunt.
916 2668 1019 2734 [ΑΒΗ.
1034 2684 1062 2736 p.
1077 2667 1152 2731 688]

160 2797 164 2803 ¹
187 2745 237 2813 rr)
256 2745 295 2797 Ut
310 2756 366 2795 neo
381 2742 514 2797 Veniant
529 2751 589 2797 trec
607 2745 638 2797 in
652 2745 730 2799 Bibl.
744 2746 827 2800 Leid.
845 2760 897 2803 eut
913 2753 1041 2805 Hulrian.
1063 2767 1151 2824 quem
1170 2752 1273 2805 eadem

224 2825 335 2881 terret,
355 2812 411 2865 niti
424 2812 502 2883 quod
514 2808 564 2867 hic
579 2818 675 2874 κίονας
697 2817 846 2885 praebeat.
884 2824 987 2889 [ADD.
1003 2840 1031 2891 p.
1045 2822 1123 2892 635,]

165 2964 168 2969 Ι
188 2896 363 3037 ἚΙΙὶὰὅσῖ)
369 2899 440 3022 1ίέἔέ
451 2894 545 3035 'pictet
558 2902 669 2954 Auctor
684 2904 880 2978 Etymologici
892 2909 925 2961 iu
940 2926 966 2964 r.
980 2906 1083 2965 ἅπτετο
1095 2914 1136 2979 [p.
1145 2908 1208 2976 188.
1218 2908 1275 2973 19.]

153 3044 167 3073 '··
183 3054 226 3123 ἦ)
246 3052 295 3106 Vs.
310 3050 369 3105 878.
405 3052 461 3103 Pro
483 3051 568 3123 ὀργῆς
588 3056 725 3125 νοσούσης
738 3059 911 3115 Plutarchus
931 3082 996 3118 eum
1011 3060 1164 3118 Eurtetlrio
1178 3063 1274 3115 citant

225 3124 318 3192 ψυχῆς
330 3118 482 3190 νοσούσης,
503 3141 590 3192 quem
603 3140 657 3194 pro
672 3145 740 3180 vere
754 3131 881 3186 lectione
895 3132 983 3189 hebet
995 3138 1031 3190 H.
1050 3132 1148 3203 Steph.
1167 3144 1273 3203 putans

227 3193 400 3246 Ciceronem
414 3194 468 3244 ill.
482 3195 569 3247 Ture.
588 3195 710 3264 capili.
726 3205 881 3258 vertendo:
908 3209 1012 3258 mederi
1029 3222 1113 3272 posse
1128 3206 1273 3257 rationem

226 3264 407 3325 iracundiae,
424 3277 479 3312 nec
495 3266 589 3336 ipsum
600 3266 688 3319 aliter
699 3269 817 3340 legiam
836 3275 980 3345 siquidem
993 3272 1087 3345 ψυχήν
1100 3282 1180 3325 recte
1202 3289 1274 3326 con·

226 3340 340 3385 vertere
360 3332 489 3401 potuerit
511 3337 712 3400 iracundiam
737 3343 788 3394 red
807 3360 861 3412 pro
885 3347 1027 3397 rationem
1048 3345 1104 3413 leg.
1120 3342 1275 3396 contendit

230 3404 410 3464 cretionem,
438 3419 505 3456 curu
520 3405 588 3474 quia
599 3404 672 3458 hinc
687 3410 783 3463 aliene
802 3416 841 3465 rit
855 3430 909 3465 vox
925 3420 1020 3482 ratio,
1039 3425 1101 3467 turn
1116 3414 1193 3482 quod
1208 3415 1274 3482 plu·

153 3490 156 3495 ·
227 3466 398 3540 relirio'yot
421 3474 596 3544 nequidem
623 3475 703 3530 hunc
724 3497 841 3535 sensum
864 3485 1010 3537 admittat.
1060 3488 1169 3536 Favere
1190 3501 1273 3553 pree-

156 3576 160 3585 .
215 3550 311 3593 teres
322 3543 335 3610 ΙΙ
346 3541 466 3595 lectioni
479 3546 587 3614 ψυχῆς,
613 3547 702 3602 verbe
715 3554 796 3623 κέαρ,
825 3561 855 3605 et
865 3558 904 3606 ου
927 3549 960 3607 όν
972 3556 1003 3606 in
1017 3554 1110 3607 verbis
1121 3557 1273 3624 proximis.

231 3611 287 3664 Sed
302 3628 463 3679 opposuere
478 3616 559 3683 aeH.
577 3615 693 3687 steph,
714 3621 836 3677 Stanlei.
854 3635 883 3676 et
897 3575 1050 3693 lievirius,
1070 3624 1120 3695 qui
1133 3633 1274 3695 provocat

230 3682 269 3733 ed
283 3698 456 3736 consensum
470 3684 571 3750 codd,
595 3685 692 3740 Schol.
709 3695 930 3758 euotoritatem,
961 3704 992 3747 et
1008 3698 1172 3751 versionem
1189 3697 1273 3749 Cice·

229 3753 327 3805 renis:
347 3770 403 3804 nec
419 3754 548 3807 diffiteor
562 3765 592 3807 et
604 3758 708 3811 mehir
721 3767 900 3832 argumentis
912 3767 1039 3831 moveri,
1057 3779 1089 3819 ut
1102 3767 1212 3819 editam
1226 3783 1270 3836 ge·

231 3824 354 3877 nuinam
374 3824 551 3894 adgnoscam
568 3829 759 3897 scripturam
785 3835 820 3887 de
833 3835 926 3888 altere
937 3836 1039 3888 licebit
1052 3838 1168 3902 dicere,
1190 3837 1274 3959 Herod

231 3894 332 3946 monui
345 3910 434 3964 cupre
450 3898 488 3949 ad
501 3898 581 3967 Sept.
589 3898 684 3954 Theb.
699 3918 740 3957 rr.
754 3902 814 3959 598.
834 3914 863 3957 et
871 3909 968 3976 Agant.
976 3906 1036 3961 596.
1077 3907 1132 3961 Sed
1147 3905 1193 3959 dii
1214 3908 1272 3961 cul·

230 3965 297 4016 tatis
315 3980 374 4016 non
391 3964 468 4018 nihil
486 3983 639 4020 remanere
659 3971 773 4024 videtur
787 3977 818 4026 in
833 3992 885 4042 eo,
917 3977 994 4046 quod
1008 3993 1066 4028 nou
1083 3993 1174 4048 aeque
1189 3994 1274 4031 com·

232 4034 319 4084 mode
331 4035 388 4086 dici
400 4037 534 4089 videntur
546 4036 615 4108 ὀργὴ
627 4042 766 4111 νοσοῦσα,
786 4050 876 4115 atqire
892 4043 967 4116 ψυχή
974 4069 984 4112 ,·
1008 4064 1110 4100 verum
1124 4048 1275 4101 adsentior

170 4133 174 4139 -
233 4101 330 4158 Schol.
349 4119 436 4175 utque
453 4108 560 4175 optime
579 4124 631 4176 per
652 4107 754 4182 ἀγρίαν
775 4118 821 4167 καὶ
847 4118 1035 4188 ἐπαιρομένην
1061 4119 1164 4188 exponi
1189 4124 1274 4188 posia

117 4200 120 4208 .
166 4192 172 4217 ι
196 4172 204 4181 ’
233 4173 382 4238 existimo,
407 4194 466 4230 non
480 4176 612 4246 Davisio,
638 4183 685 4232 cui
704 4181 801 4236 lubuit
820 4185 1008 4255 interpretari
1029 4189 1103 4238 iram
1121 4203 1273 4255 aegrotare

227 4243 399 4311 jacientem.
444 4249 506 4300 Etsi
526 4249 602 4301 enirn
628 4249 715 4302 verbe
737 4269 948 4329 nonnunquam
967 4266 1070 4309 neutra
1088 4258 1273 4312 transitivem

231 4313 354 4364 induant
364 4324 518 4381 naturam,
542 4326 641 4369 temen
656 4336 722 4372 earn
740 4338 827 4379 nemo
840 4328 930 4380 iacile
944 4326 1111 4394 admiserit,
1135 4327 1204 4396 uhi,
1230 4330 1273 4381 uti

231 4379 281 4433 hic
303 4384 377 4451 loci,
400 4387 458 4440 ulia
478 4387 643 4457 explicandi
659 4393 736 4445 vetio
753 4399 933 4463 ostenditur3
958 4414 1047 4470 quam
1064 4401 1209 4451 etmarito
1222 4415 1272 4452 re-
