2626 4792
124 190 227 275 ,ιιι
516 185 928 287 etintendit.-

43 362 61 397 ³⁴
150 365 251 457 (λη’δην
268 362 367 441 odric
385 363 446 451 lyd
470 363 549 514 λῗα
566 363 633 431 κατ’
658 366 805 448 ἔμαστσίί.
842 375 878 432 et
893 363 1111 455 lpoiiolml.
1132 365 1175 435 td
1188 364 1245 437 ὓ)-

150 455 254 519 rinth.
273 472 300 516 c.
316 450 392 515 XV.
410 458 458 517 τε.
473 457 487 516 1
512 496 521 515 .
538 447 797 537 ἐμαρτυρήσαμεν
817 451 898 516 nord
915 457 974 517 τσῦ
991 456 1081 517 θεοῦ.
1115 452 1175 517 ubi
1192 452 1245 523 rid

149 535 290 627 Rapbei.
301 555 344 600 ex
351 535 587 622 Xenophonte.
633 534 744 614 Unde,
765 546 803 601 ut
815 536 882 600 hoc
895 556 1030 621 quoque
1047 534 1179 618 addoni,
1197 556 1246 603 cc·

152 623 205 687 dit
223 621 372 686 eiusdem
393 620 545 685 Thomas
564 623 686 684 scitum
705 624 741 684 in
766 644 794 687 r.
816 630 1067 705 τιατηγσριῦμαι,
1100 621 1161 709 τὴν
1181 622 1248 689 τισί
1283 646 1288 655 ·

92 705 201 773 meo
216 704 331 794 τιαΗλσδ
350 708 418 783 (sic
430 701 509 791 leg.)
531 709 678 789 positam
697 706 823 790 aliquid
840 710 1012 792 requirere
1034 726 1104 791 quo
1117 706 1153 771 id
1163 720 1249 793 pate·

153 804 232 857 scat.
283 790 462 854 Praeterea
484 800 581 853 notes
604 791 646 853 ad
667 793 807 856 verbum
829 813 918 878 pene
936 791 1004 876 legi
1026 790 1118 878 apud
1134 788 1249 857 Tricli-
1282 792 1284 797 ’

145 881 245 942 ‘nium
269 873 360 938 add.
378 870 546 961 i.Sopb.,
565 893 651 956 quac
672 874 715 939 de
740 881 904 960 κατηγορῶ
924 876 1053 940 scribit.
1101 873 1248 943 cererin

150 978 289 1051 prorsus
311 971 349 1022 ut
368 962 403 1020 in
426 956 591 1044 exemplis
609 956 720 1023 allatis
736 961 777 1022 ad
791 963 883 1047 Sept.
900 959 1006 1025 Theb.
1019 979 1067 1027 rs.
1083 960 1158 1026 611.
1173 962 1249 1025 banc
1283 976 1286 985 ·

145 1086 148 1098 -
175 1047 438 1131 raepositionern
459 1060 576 1129 regere
599 1042 744 1112 vidimus
767 1045 947 1110 accusandi
965 1065 1080 1110 casum
1099 1047 1137 1109 in
1153 1048 1249 1131 signi-

149 1068 308 1198 doctiore
321 1133 504 1206 aditer8u8,'
518 1141 627 1192 contro
635 1176 646 1207 ,
676 1132 726 1192 sic
738 1133 888 1193 occurrit
901 1149 1036 1211 quoque
1050 1133 1087 1194 in
1103 1128 1247 1219 Peiaepb.
1286 1178 1288 1183 -

151 1238 180 1283 ο.
194 1215 253 1279 Vl.
275 1212 449 1295 ἀνίστησαν
468 1212 503 1276 δὲ
523 1212 603 1277 κατὰ
617 1209 751 1293 Κάδμον
770 1216 822 1278 τιαί
841 1214 871 1278 σί
890 1217 998 1288 παῖδες
1008 1220 1065 1280 τοῦ
1078 1211 1248 1298 όρότισντσς.

149 1301 224 1365 Nec
244 1300 496 1363 inobservatum
521 1304 790 1384 praetermittere
815 1318 956 1386 possum
978 1301 1080 1364 verba
1106 1301 1247 1383 indidere
1286 1338 1288 1353 =

151 1387 339 1472 composita
353 1403 421 1444 non
442 1382 629 1446 secundum
644 1384 792 1447 modoet
805 1394 972 1468 quartum,
993 1384 1053 1448 sed
1071 1395 1108 1449 et
1120 1388 1248 1449 tertium

150 1491 189 1536 re
211 1490 268 1533 erc
284 1487 407 1531 casum.
454 1467 574 1554 Eurip.
590 1467 764 1533 Phoeniss.
781 1490 830 1534 vs.
843 1467 971 1534 sss-d
991 1466 1155 1550 δαιμόνιον
1168 1494 1248 1535 κατε·

151 1576 276 1637 κωμασε
292 1549 424 1634 δείμασι.
467 1551 664 1616 Herodotus
676 1549 734 1617 lib.
752 1553 809 1617 lii.
825 1575 854 1618 c.
870 1555 938 1616 155.
958 1552 1058 1617 δεινόν
1075 1579 1105 1618 τι
1117 1552 1247 1638 ποιεδμ·

152 1664 206 1717 νος
219 1639 402 1723 Ἀσσυρίους
412 1633 554 1722 Πίρσῃσι
571 1641 752 1720 καταγελᾶν.
809 1637 911 1721 Quod
930 1642 1022 1723 γελᾶν
1039 1636 1071 1702 i'r
1089 1663 1150 1703 τινι
1171 1643 1248 1704 dixit

153 1724 258 1812 Soph.
280 1726 315 1786 in
333 1723 445 1805 Antig.
467 1741 520 1803 vs..
534 1721 608 1784 557.
629 1725 688 1785 ubi
707 1719 798 1787 coni.
820 1719 934 1788 Schol.
961 1743 1036 1786 cum
1053 1727 1159 1789 tertio
1181 1744 1247 1789 casu

152 1813 227 1875 sine
247 1809 499 1896 praepositione
522 1804 639 1892 Eurip.
658 1802 731 1894 lph.
754 1806 856 1871 Taur.
873 1827 919 1873 re.
936 1811 1009 1872 276.
1034 1815 1125 1892 γελᾶν
1145 1809 1248 1893 εὐχαῖς,

151 1893 253 1983 plane
266 1896 426 1957 nimirum
441 1903 480 1955 ut
494 1910 557 1954 nos
571 1891 713 1957 dicimus
727 1905 788 1954 met
795 1897 860 1972 jere
872 1899 988 1955 lachen.
1029 1895 1117 1958 Add.
1135 1894 1247 1960 Baccb.

152 1974 332 2059 vs.‘840.*)
376 1978 422 2043 So
449 1973 566 2040 booles
580 1995 655 2038 cum
670 1978 837 2061 genitivo,
859 1998 923 2066 pro
937 1984 1108 2064 καταγελᾶν
1122 1982 1158 2042 in
1175 1978 1249 2044 Phi-

152 2064 232 2130 ioct.
245 2083 293 2129 vs.
309 2065 400 2125 1139.
422 1998 547 2146 iiiia]
561 2065 672 2134 πολιᾶς
692 2059 808 2149 πόντου
829 2063 920 2137 θινός
933 2060 1086 2146 ἐφήμενος
1097 2067 1173 2155 γελᾷ
1184 2088 1247 2146 μιν,

152 2151 256 2215 modo
272 2167 341 2210 nou
361 2149 501 2231 scripsit
519 2169 582 2226 μοι.
636 2145 725 2209 Turn
744 2159 782 2208 ut
797 2158 844 2214 τε.
858 2152 930 2211 178.
944 2146 1112 2235 iacrymas
1125 2170 1248 2238 provob

153 2254 229 2301 care
246 2224 388 2319 iegiinus
401 2230 558 2317 gaudium
567 2228 587 2308 ,'
603 2232 650 2293 ita
665 2232 755 2317 apud
771 2230 906 2295 Petron.
923 2254 950 2297 c.
965 2236 1018 2298 89.

304 2349 465 2416 mentisque
482 2346 604 2417 pavidae
621 2347 757 2417 gaudium
773 2347 918 2418 lacrymae
934 2346 1039 2416 babet,

305 2434 375 2489 qnae
394 2427 489 2469 metue
508 2417 605 2487 abegit
622 2448 711 2472 --.

151 2518 217 2587 Cui
240 2522 393 2607 geminus
418 2516 519 2604 plane
539 2514 676 2606 Apuleii
697 2517 793 2583 iocus
817 2520 907 2584 Vlii.
930 2517 1012 2584 Met.
1035 2543 1067 2606 p.
1083 2522 1155 2586 157.
1177 2520 1249 2587 edit.

150 2607 238 2671 Pcic.
261 2628 343 2690 quos
363 2613 394 2666 in
411 2613 514 2687 primo
537 2628 674 2685 moerore
694 2611 854 2688 iacrymas
870 2629 930 2669 τιοτι
943 2610 1078 2668 δεδιόσι
1091 2614 1159 2670 ione
1173 2612 1250 2671 eorti-

94 2704 198 2767 mcet
210 2703 360 2755 crescente
373 2685 387 2775 ΙΙ
402 2693 521 2769 gaudio
536 2693 670 2751 reddere.
710 2690 808 2754 Adde
819 2690 855 2759 V.
870 2712 902 2777 p.
911 2693 961 2754 93.
974 2686 1031 2754 hic
1045 2692 1087 2755 ad
1101 2690 1249 2781 Aeschy-

150 2772 242 2852 lum,
263 2786 297 2839 ot
311 2775 353 2836 ad
368 2773 565 2837 Petronium
579 2785 687 2835 notas.
1199 2794 1203 2802 ·

238 2858 294 2923 Vs.
308 2861 379 2923 283.
405 2856 579 2942 Βριζοόσης
599 2854 723 2941 φρενός.
764 2856 854 2921 Infra
868 2857 1009 2923 Eumen.
1028 2879 1076 2925 νε.
1090 2862 1164 2925 280.
1184 2862 1249 2948 dpl-

151 2948 192 3024 ζει
225 2942 265 3027 rip
279 2941 358 3025 αἷμα
377 2944 429 3008 καί
441 2944 626 3024 μαραίνεται
633 2940 734 3026 χερός.
777 2944 863 3006 Add.
881 2941 1004 3029 Spanh.
1021 2944 1063 3007 ad
1078 2943 1249 3011 cattini.

149 2969 225 3115 Dei.
241 3046 285 3094 vs.
302 3030 374 3092 816.
416 3024 619 3113 Hesychius:
635 3028 746 3108 βρίζει,
771 3028 885 3106 ἐσθίει,
905 3030 1011 3108 πιίζει,
1034 3026 1115 3109 κόει,
1137 3028 1247 3097 καθειλ-

44 3190 49 3197 .
150 3116 204 3179 der.
224 3114 265 3176 ad
282 3132 422 3196 quarum
437 3110 701 3198 explicationum
715 3116 835 3175 ordine
848 3112 987 3177 aiteram
1002 3112 1130 3177 referre
1144 3120 1247 3203 possis

117 3234 120 3241 ·
149 3198 217 3263 hoc
231 3200 330 3260 Dion.
349 3196 444 3261 Prus.
460 3198 567 3261 Serm.
582 3195 722 3261 XXXV.
739 3219 771 3282 p.
780 3194 852 3262 434.
867 3197 1005 3281 καρποὺς
1015 3195 1116 3275 ξύλων
1131 3204 1246 3286 dorice·

148 3307 215 3359 τας.
237 3285 338 3348 vertit
352 3284 522 3368 interpres
538 3285 705 3364 decerpere.
749 3282 858 3345 Versu
869 3287 1027 3370 proximo
1039 3282 1147 3349 Turn.
1164 3286 1246 3351 dedit

140 3366 303 3452 ,εὔπτερσσ
346 3366 507 3454 Hesych.:
536 3363 687 3449 ἄπτερος,
716 3380 752 3430 ut
770 3364 944 3432 soncior
970 3364 1179 3456 λίσόπτερος,
1196 3395 1244 3441 ro,-

36 3512 40 3519 .
145 3452 223 3536 χδς,
243 3451 414 3537 αἰφνίδιος,
437 3453 587 3515 etsicin
601 3450 771 3539 Lycophr.
788 3470 835 3518 vs.
850 3454 921 3515 627.
936 3453 1086 3537 σπείρας.
1205 3504 1210 3513 .

236 3567 289 3631 Vs.
305 3568 378 3629 286.¹
420 3583 510 3634 Πσίσυ
522 3575 632 3652 χρόνου
650 3580 683 3634 δὲ
699 3582 746 3633 troi
764 3577 939 3655 πεπόρθηται
960 3579 1056 3653 πόλις,·

141 3684 238 3753 ποίου
252 3678 411 3767 jgpo'rov'i.
428 3700 456 3743 e.
472 3676 571 3745 πόσου
584 3677 720 3765 χρόνου,
743 3690 895 3767 ριτατττδὶιι
910 3684 980 3749 est?
1002 3683 1121 3770 Eurip.
1136 3684 1241 3751 Helen.
1282 3687 1288 3699 '

148 3789 195 3837 vs.
218 3771 288 3833 110.
308 3763 405 3830 πόσον
429 3761 543 3850 χρόνον
566 3765 625 3849 γὰρ
651 3764 899 3851 διαπεπόρθηται
918 3767 1024 3848 πόλις,
1056 3768 1243 3835 Eustathior

147 3853 318 3940 producto
332 3852 447 3915 nescio
469 3854 565 3914 cuius
580 3853 653 3938 πσίρι
671 3850 738 3941 ὥρᾳ
783 3873 823 3916 ro
835 3851 937 3939 πόσῃ,
962 3853 1243 3943 όκτιρσλογίανεεεε
1276 3872 1288 3937 ρ

149 3941 250 4015 dicit,
278 3938 366 3999 unde
386 3955 427 3997 eo
451 3932 667 4003 delabebatur
684 3936 723 3999 H.
747 3937 862 4025 btepb.
887 3952 924 4002 ut
944 3961 989 4003 ex
1012 3939 1142 4025 vulgari
1163 3938 1243 4004 iilius
1279 3944 1283 3959 '

146 4019 252 4087 seculi
270 4039 426 4086 sermone
447 4023 588 4104 petitum
609 4025 834 4087 existimaret:
861 4028 1069 4088 contrarium
1087 4022 1170 4088 hinc
1188 4028 1242 4088 iam
1275 4034 1282 4085 ι

146 4114 297 4184 constat,
328 4101 496 4189 simulque
517 4125 561 4168 ex
574 4102 692 4190 Eurip.
708 4106 813 4195 iphig.
829 4106 904 4178 Aul.
921 4129 968 4176 vs
985 4111 1057 4175 815.
1072 4118 1164 4175 ποῖον
1175 4104 1242 4197 χρό·

1276 4199 1288 4227 Ν

156 4281 373 4306 ‘annu—au·-

176 4328 214 4442 *ι’
229 4366 375 4442 aristoph.
390 4366 491 4457 παρτ.
506 4383 546 4424 ι..
563 4363 622 4422 σεε.
637 4377 667 4424 ιε
680 4370 756 4427 παι..
771 4348 833 4429 εει.
873 4370 977 4438 [roo.
994 4386 1026 4441 p.
1042 4364 1121 4436 σεε]
