2626 4792
360 212 430 285 AD
454 206 811 289 CHOEPHOROS.
874 280 883 287 .
1069 210 1146 283 287

63 418 67 433 ·
118 388 181 455 VS.
200 391 273 454 691.
313 398 362 464 Ὡς
379 376 456 458 πόλλ’
477 399 595 471 ἐπωπᾷς
610 398 666 455 aedae
684 400 784 457 πούτύν
801 390 833 453 εὐ
852 400 981 472 κείμενα,

321 480 418 547 Τύξοις
436 477 587 557 πρόσωθεν
603 478 753 543 εὐσκόποις
766 486 945 555 χειρουμένη.

64 623 143 667 urn.
165 600 211 667 ἐπ’
235 601 343 677 dante.
390 602 479 665 Hinc
496 600 593 667 Cant.
615 600 661 665 ἐπ’
677 601 765 678 elude
781 626 906 672 corum,
928 610 960 663 in
974 614 1149 685 conspectu,
1177 630 1185 657 ι

64 690 140 753 edo
159 701 198 751 ut
217 686 280 772 ἄρά
299 690 432 751 dicatur
444 693 629 769 χειροῦσθαι
647 709 714 750 non
730 688 832 749 modo
847 690 1057 772 propinqua,
1087 684 1165 750 sed·
1211 740 1218 761 ,

77 772 182 859 longe
198 781 337 835 remote.
375 771 501 834 Verum
517 775 656 836 verbum
671 774 798 836 ἐπωπαῑν
812 773 914 834 babes
931 792 1065 855 quoque
1078 770 1147 831 liu-

66 882 124 923 en.
147 878 194 923 vs
218 855 233 945 ΙΙ
257 862 328 921 274.
361 867 394 918 et
417 858 490 921 974.
522 853 718 940 ιύπῇοασθαε
740 855 932 1003 frepuentat
961 848 1207 942 Oppianus&

66 944 102 1007 d.
122 943 177 1007 lll.
205 948 326 1031 Cyneg.
348 944 460 1005 vs84.
477 944 544 1005 160.
560 946 631 1005 271.
648 943 721 1006 40⁵.
745 956 777 1004 et
813 945 853 1003 ib.
873 942 926 1003 lV.
949 960 995 1004 vs.
1014 944 1060 1005 14.
1111 942 1148 1003 ln

64 1026 152 1095 :bol
178 1048 220 1091 ex
245 1030 391 1090 ositione
414 1025 574 1108 κινοομένη
588 1026 759 1111 quidpiam
782 1028 941 1111 putabam
964 1025 1151 1090 inbwisse
1223 1089 1226 1093 ,

65 1117 130 1195 tii3
166 1132 202 1175 se
249 1114 429 1176 attendens
449 1110 490 1173 ad
505 1110 544 1175 ad
567 1115 705 1191 κείμενα,
742 1115 832 1195 quod
848 1115 940 1218 Quasi
956 1113 1152 1199 opponitur,

64 1196 84 1263 ll
108 1202 216 1267 visum
238 1209 288 1261 est
309 1196 520 1259 tentandum.
556 1194 640 1271 τόξοι
661 1193 827 1281 πρόσωθεν
845 1221 987 1261 εοσκοποι
1003 1206 1082 1259 sunt
1096 1184 1151 1258 sd-

64 1296 143 1349 ttae
161 1286 290 1347 eminus
305 1300 446 1365 scopum
461 1281 633 1345 lerientes.
658 1280 725 1344 vid.
743 1281 869 1344 Polluc.
884 1282 939 1361 lX,
951 1286 1019 1345 107.
1036 1270 1151 1344 etlle-

64 1368 155 1447 γὼ..
178 1366 392 1433 Contrarium
419 1364 556 1439 ἄσκοπος
581 1368 615 1427 in
639 1364 705 1431 hoc
723 1366 806 1432 Luc.
828 1364 916 1431 Tox.
940 1388 972 1454 p.
992 1369 1061 1430 109.
1085 1366 1153 1451 [62.

64 1450 156 1536 aLll,
172 1476 202 1541 p.
211 1452 298 1537 566]
312 1450 435 1516 ἄσκοπα
447 1446 675 1534 τετοξεύκαμεν.
798 1519 802 1528 ,

125 1614 185 1676 Vs.
205 1612 280 1675 693.
324 1625 381 1677 Καὶ
401 1625 454 1677 νῦν
467 1621 597 1695 Ὀρέστης
619 1617 666 1693 (ἦν
683 1622 739 1696 γὰρ
756 1620 893 1695 εὐβούλτσς
910 1624 984 1696 ἔχων

318 1705 389 1770 ”litu
411 1712 532 1779 κομίζων
552 1708 683 1781 ὀλεθρίου
703 1712 793 1777 πηλοῦ
814 1705 909 1777 radda)

198 1858 201 1863 Ι
323 1797 386 1847 Νῦν
403 1793 432 1847 δ’
451 1791 521 1864 ἥπερ
534 1785 571 1848 ’ἐν
588 1791 701 1867 δόμοισι
718 1800 848 1866 βακχείας
867 1796 952 1861 καλῆς

255 1880 264 1903 ''
317 1878 423 1953 Ἰατρὸς
442 1881 519 1941 ἐλπὶς
534 1872 587 1949 η’ν,
607 1882 757 1951 παροῦσαν
777 1870 922 1953 ἐγγράφει,

65 2011 136 2075 nter
157 1997 220 2062 alia
246 1996 510 2083 quamplurima,
545 1997 587 2061 de
615 1999 738 2080 quibus
770 1988 894 2082 partim
921 2001 986 2061 iarn
1012 2002 1153 2084 egimuS,

65 2089 168 2153 »artim
179 2083 346 2170 agendum
365 2093 484 2156 restat,
515 2094 548 2146 et
564 2081 619 2145 bic
632 2081 728 2146 locus
744 2086 828 2146 mire
843 2086 997 2145 exercuit
1013 2086 1154 2149 critico·
1250 2160 1253 2165 ¹

65 2190 121 2233 nm
136 2171 278 2254 ingenia.
322 2170 463 2231 Veteres
478 2171 687 2251 grammatici
706 2166 849 2251 ἐγγράφει
863 2168 1018 2232 habuisse
1034 2169 1154 2233 viden-

65 2274 103 2317 nr
114 2276 178 2342 pro
192 2251 380 2341 imperandi
393 2254 513 2330 morlo,
537 2255 597 2335 qui
613 2256 641 2316 si
656 2256 699 2316 sit
715 2253 835 2317 saltem
849 2252 981 2339 ἴγγραφε
998 2254 1153 2317 scriben-

65 2340 126 2403 tum
146 2341 283 2427 putabat
303 2336 341 2399 ll.
357 2336 472 2421 Steph.
489 2340 499 2400 i
527 2357 562 2401 se
581 2334 662 2400 licet
682 2341 716 2399 in
741 2336 841 2403 Thes.
857 2338 897 2404 L.
915 2340 976 2403 Gr.
997 2342 1154 2405 observet

65 2424 170 2513 ’ραφέω
182 2425 305 2489 Atticis
319 2425 475 2508 usurpari
490 2425 559 2486 αντὶ
571 2427 628 2487 τοῦ
642 2422 763 2531 γράφω.
809 2422 960 2490 Ulterius
973 2422 1152 2511 progredi·

65 2528 104 2571 ur
116 2511 251 2577 Canter.
273 2513 445 2591 corrigens
466 2506 608 2572 ἀποῦσαν
621 2509 793 2593 ἔγγραφον,
824 2512 995 2599 quomodo
1010 2514 1044 2573 in
1062 2507 1151 2571 Pro·

65 2596 181 2660 netheo
193 2594 344 2676 loquitur
359 2612 406 2657 vs.
420 2594 492 2657 688.
505 2590 663 2678 ἐγγράφου
676 2594 715 2658 σύ
727 2590 881 2678 μνήμοσιν
897 2594 1015 2670 ὐέλτας.
1057 2591 1152 2656 Peli·

65 2677 117 2746 ·ius
141 2688 295 2748 versatus
319 2681 506 2763 interpres,
542 2681 608 2741 nisi
632 2680 723 2763 quod
745 2677 760 2767 Η
781 2684 1021 2744 subobscurius
1038 2680 1212 2745 reddit4l9

65 2777 333 2851 pempraesenrem
345 2770 377 2823 in
390 2772 599 2847 quaestionem
614 2772 751 2828 adducit.
795 2763 893 2828 Ordo
907 2779 939 2828 et
956 2783 1074 2828 sensus
1089 2772 1153 2839 est,
1256 2825 1261 2833 ,

65 2860 202 2935 'nquam
227 2849 392 2933 scriptum
409 2844 535 2931 legeres
560 2848 609 2911 καλ
630 2854 686 2910 νῖν
709 2849 743 2911 δέ
758 2846 905 2932 Ὀρέστης
926 2844 1069 2934 ἐγγράφει
1095 2848 1153 2933 τὴν

65 2930 154 3000 tutta
167 2934 313 3017 βακχείας
326 2936 441 3011 καλῆς,
467 2929 546 3016 ἥπερ
565 2930 648 3015 μόνη
664 2931 775 3017 ὐατρύς
788 2933 891 3017 παρῆν
904 2936 937 2999 ἐν
951 2944 1017 3009 τοῖς
1028 2930 1152 3013 ddunt:

65 3024 172 3087 Ιιπαντο
188 3018 311 3081 Orestes
325 3022 448 3079 domnis
466 3021 610 3101 reliquis,
633 3042 712 3102 quoe
728 3033 911 3101 imprecatio
931 3032 1079 3095 causata,
1091 3042 1154 3083 auo

65 3120 242 3188 tortespem
255 3125 376 3186 quoque
392 3104 499 3179 addit,
527 3109 690 3186 quaerela
711 3106 799 3164 nnln'e
812 3118 993 3186 supererat,
1012 3104 1092 3185 fore
1115 3118 1154 3168 ut

66 3184 218 3277 liquando
237 3194 358 3249 laetitia
379 3188 611 3252 buccburemnr.
657 3184 726 3250 Sed
748 3188 902 3267 brevius,
926 3202 956 3253 et
977 3211 1061 3252 nunc
1083 3212 1156 3253 oum

66 3268 156 3351 lreste
176 3280 276 3334 omnis
294 3293 363 3353 spes
393 3280 508 3332 arurae
521 3275 659 3333 laetitiae
678 3282 709 3334 ιἰι
723 3279 815 3335 domo
831 3283 933 3355 periet.
960 3273 1038 3359 ἥπερ
1052 3272 1085 3338 ἐν
1097 3268 1155 3337 dd-

66 3378 116 3438 οις
128 3355 238 3439 ὐατρύς
251 3357 336 3420 {tntu
378 3378 395 3417 ν
414 3360 576 3436 παροῦσαν
596 3352 739 3440 ἐγγρᾶφει
759 3358 898 3431 dicitur,
932 3381 996 3446 pro
1011 3352 1155 3444 ἐγγράφω

66 3438 103 3523 ἢν
119 3446 153 3509 ἐν
172 3440 281 3522 δόμοις
301 3438 411 3525 ὐατρύν
430 3440 558 3519 ἐλπίδα,
587 3440 666 3525 ἥπερ
680 3446 794 3524 παρῆν.
831 3445 985 3510 imitante
998 3448 1154 3508 oratione

66 3540 161 3609 tsurn
184 3524 326 3591 relativi.
381 3524 574 3608 Respicitur
601 3530 701 3591 tacite
723 3527 764 3588 ad
786 3524 960 3592 Pandorae
973 3527 1153 3677 ppxidem.

1034 3634 1052 3676 e

66 3615 222 3681 'caterius
235 3616 288 3675 vir
302 3610 344 3674 ob
360 3608 626 3673 intercedentem
640 3612 877 3697 parenthesin,
903 3635 971 3697 quo
1054 3614 1083 3675 ri
1095 3630 1152 3679 so-

66 3708 104 3777 et,
128 3708 164 3763 et
178 3701 221 3760 de
237 3716 306 3780 quo
318 3693 406 3758 inira
421 3693 592 3779 quidpiam
606 3698 810 3777 notabimus,
831 3702 1004 3782 repetitur.
1024 3688 1064 3781 ἦν
1077 3694 1155 3780 ’ἔχων

66 3776 203 3863 leading
223 3792 304 3844 noto
325 3778 494 3842 schemate
511 3778 637 3843 dictum
677 3801 716 3843 ro
728 3778 805 3863 εὐχεν
819 3781 974 3864 εὐβούλως
987 3784 1010 3863 i.
1026 3803 1053 3850 c.
1071 3806 1154 3867 φρο-

66 3868 160 3949 ’μως,
183 3872 332 3943 συνετῶς,
358 3862 423 3926 vid.
439 3862 583 3949 Hesych.
626 3804 728 3929 Aliud
742 3866 888 3948 εὐβολος,
909 3889 978 3951 quo
993 3866 1156 3932 destitui-

66 3972 103 4019 tr
118 3950 238 4039 steph.
254 3949 355 4027 Thea.
369 3951 403 4011 in
417 3948 563 4033 Oppian.
575 3948 628 4012 lll.
645 3949 767 4015 tlalvs.
778 3955 828 4017 71.
844 3954 900 4015 ubi
914 3952 1042 4033 εὐβολον
1057 3952 1156 4039 ἄγρην

69 4035 167 4105 obol.
189 4045 279 4099 recte
301 4056 344 4099 ex
371 4032 459 4096 lanat
481 4032 625 4112 εᾶκολον,
655 4034 817 4118 εὐστοχον,
838 4039 975 4120 ἐπιτυχῆ.
1017 4038 1070 4102 Ad
1085 4050 1169 4104 no-'

66 4128 111 4187 tri
134 4119 247 4185 Schol.
272 4055 368 4203 ηαοᾶ
389 4120 527 4195 attinet,
556 4122 621 4182 nisi
642 4119 782 4183 dederat
797 4121 959 4203 fortasse,
991 4124 1081 4206 quod
1097 4132 1154 4187 ta·

66 4226 127 4275 ren
142 4210 200 4273 vix
218 4218 267 4268 est
284 4201 477 4289 probabile,
505 4201 587 4290 τόξῳ
606 4203 705 4287 αὐτὴν
722 4204 951 4290 ὐφανισθελσαν
966 4204 1065 4290 dode,
1091 4230 1155 4275 ve-

66 4312 130 4359 eor
149 4301 187 4355 ut
200 4294 306 4374 magis
319 4291 448 4374 ceperit
462 4308 616 4368 sensum,
637 4311 737 4375 quam
751 4313 780 4365 τ.
797 4290 829 4358 d.
843 4292 993 4358 Alterum
1009 4300 1082 4358 eius
1096 4296 1155 4356 in-

67 4384 353 4464 erpretamentum
371 4374 414 4437 ad
433 4392 566 4440 versum
583 4374 843 4459 praecedentem
867 4378 1030 4445 baustum
1046 4398 1096 4445 ex
1109 4398 1166 4445 se.
