2626 4792
370 70 847 193 anROMETHEtiut
1110 114 1166 187 'et

10 298 26 349 ι’
62 310 119 379 qm
132 300 194 361 aut
205 293 281 379 ipsa
295 308 358 377 per
370 306 426 366 se,
452 300 511 355 aut
529 292 658 354 munita
673 291 834 377 quopiam
844 287 993 355 durioris
1008 289 1168 351 materiae

58 384 288 445 instrumento
307 380 355 439 ita
376 374 505 458 aliquid
524 378 648 461 tangit,
675 386 714 438 ut
726 382 880 456 stringat,
903 373 976 459 ’ξένῃ
990 384 1026 437 et
1046 370 1169 457 ἀμιίξχ;

10 468 19 524 l
58 464 147 528 unde
160 473 350 546 usurpatur
367 480 432 544 pro
451 466 556 522 ieviter
567 465 698 524 verinero
710 480 771 525 seu
782 465 909 539 saucio,
926 471 969 522 et
983 460 1071 523 uaria
1082 478 1169 543 pro-

57 550 155 613 duxit
169 546 333 611 vocabula
348 555 415 607 tum
423 540 574 620 Graeca,
594 562 694 627 quam
706 540 893 609 vernacula.
936 540 1087 624 Reliquis
1101 545 1169 605 ob-

10 654 11 661 *
57 636 133 717 tigit
153 632 309 693 admotio
330 648 449 691 manus
472 628 598 704 lenior,
628 648 693 713 qua
714 631 795 713 quid
822 625 989 693 mollioris
1007 629 1169 691 materiae

58 715 269 804 adplicatur,
289 714 371 777 inde
383 710 504 796 χριίιιν,
528 710 651 798 χρίειν,
675 716 812 796 χραίνειν
823 724 856 775 et
863 709 992 797 χραίζιιν
1007 720 1045 773 ut
1060 708 1171 797 pluri-

57 814 149 868 nium
173 798 286 866 valent
306 803 406 861 colore
425 803 576 875 imbuere,
607 808 641 861 et
662 817 866 889 quocunque
885 796 952 860 alio
972 796 1074 859 rnodo
1089 796 1170 876 iufi-

58 911 143 964 cere‚
166 888 298 964 wigere,
319 890 485 969 inquinare
501 892 537 945 et
548 886 695 967 polluere.
735 885 831 967 χρίιιν
851 883 988 946 tandem
1004 885 1040 944 in
1056 880 1170 969 specie

55 976 92 1037 in
108 990 185 1035 eam
205 971 297 1035 venit
319 970 479 1033 imbuendi,
499 973 696 1053 fingendique
719 972 988 1054 possessionem,
1022 964 1113 1048 quod
1132 958 1172 1029 fii

58 1062 141 1131 oleo,
160 1067 336 1135 ιιαρααιια,
357 1059 549 1135 pharmaco.-
570 1072 672 1135 quae,
696 1055 785 1135 quod
798 1057 845 1116 ite
860 1051 933 1115 iere
947 1048 1078 1115 soleant
1094 1066 1170 1115 esse

59 1162 131 1205 com
160 1148 265 1214 arata,
287 1147 338 1212 ut,
360 1138 424 1200 nisi
438 1135 591 1199 infrictio
604 1137 813 1214 adhibeatur,
833 1158 902 1201 non
917 1134 1032 1200 utalia
1047 1132 1212 1222 lillqui-du

57 1228 97 1289 da
109 1161 215 1288 allius
229 1232 427 1307 penetrent,
448 1218 530 1284 hinc
538 1222 642 1302 χρίσις
655 1241 726 1284 earn
743 1226 883 1308 proprie
897 1220 980 1286 dicit
992 1224 1171 1285 inunctio·

56 1333 153 1386 nem,
182 1328 268 1391 quae
289 1327 358 1369 non
377 1306 561 1390 superfuso
578 1304 778 1393 simpliciter
791 1311 959 1393 unguine,
987 1319 1024 1369 ut
1035 1305 1169 1389 ἄλειψις,

59 1398 116 1461 sed
131 1394 319 1459 accedente
331 1393 473 1475 insuper
489 1402 523 1454 et
536 1394 694 1477 primitus
712 1397 850 1469 manus,
879 1390 1005 1456 deinde
1028 1400 1062 1455 et
1082 1390 1187 1457 alius·

57 1484 224 1562 cuiusque
240 1479 458 1541 instrumenti
476 1478 653 1539 virtutisve
670 1499 755 1563 ope,
783 1498 851 1562 quo
864 1479 1014 1565 penitius
1025 1477 1171 1541 descen-

57 1566 113 1633 dat
133 1562 348 1644 insideatque
368 1563 523 1645 corporis
540 1563 695 1647 partibus
714 1563 936 1648 inungendis,
971 1560 1169 1627 absolvitur.

56 1652 169 1734 Atque
181 1646 251 1711 hoc
261 1645 336 1709 Lat.
355 1649 493 1732 proprie
510 1652 621 1718 linere,
650 1653 767 1713 illinere
779 1664 860 1728 etc,
883 1647 1028 1713 alterum
1048 1671 1170 1728 ungere·

56 1736 169 1809 llaec,
190 1734 227 1794 ni
241 1728 357 1807 fallor,
380 1750 457 1793 vera
474 1730 681 1795 discriminis
696 1738 748 1796 e'st
761 1735 868 1808 ratio,
894 1736 930 1796 in
967 1750 1008 1792 ua
1022 1730 1171 1795 eruenda

56 1820 188 1885 frustra
211 1816 343 1879 sudavit
367 1812 585 1879 Casaubonus
611 1817 654 1877 ad
680 1814 803 1880 Athen.
827 1817 886 1881 lib.
901 1816 934 1878 X
969 1862 976 1875 .
999 1814 1171 1901 c.1i.[ad

57 1928 86 1991 p.
99 1905 177 1968 689.
202 1900 244 1984 c]
268 1910 303 1963 et
327 1918 427 1982 quam
446 1918 548 1963 nemo
567 1912 721 1966 ueterum
743 1903 867 1965 docere
884 1897 939 1967 vel
958 1896 1083 1977 voluit,
1114 1897 1170 1963 vel

60 1989 236 2053 obliterata
257 2004 399 2069 prorsus
417 1984 514 2050 verbi
542 1987 683 2068 originis
712 1989 876 2050 memoria
929 1986 1026 2050 otuit.
1089 1982 1168 2049 Vid.

10 2068 14 2077 '
59 2079 169 2163 ipsum
190 2070 311 2133 Athen.
331 2062 498 2154 ptrue
555 2069 717 2133 Fueritne
741 2007 1099 2155 cognitazlmmouio,
1126 2088 1169 2155 an

58 2178 142 2246 quae
158 2159 297 2240 scripsit
314 2174 394 2218 usus
407 2157 438 2217 ei
465 2158 686 2237 suggesserit,
712 2176 780 2217 non
799 2159 964 2241 cognitio,
994 2175 1059 2241 pro
1074 2165 1169 2217 certo

56 2242 147 2309 baud
166 2241 296 2325 dinero.
345 2239 561 2324 Perspectam
576 2245 604 2302 si
624 2236 742 2304 habuit
760 2260 868 2325 usque
881 2261 922 2303 eo
937 2239 1172 2325 αἰνιγματωδῶς

10 2380 13 2391 .
56 2326 216 2403 tradidit,
247 2337 286 2387 ut
304 2344 356 2386 ne
382 2325 520 2407 quidem
545 2323 734 2389 suboluerit
755 2328 836 2391 viris
861 2325 1004 2390 eruditis
1025 2327 1062 2389 id
1088 2344 1167 2389 eum

56 2416 176 2501 egisse.
229 2409 341 2473 Verba
358 2421 462 2493 prout
486 2409 654 2491 abstersa,
682 2430 769 2494 quea
792 2411 998 2475 editionibus
1022 2410 1167 2494 quibus-

10 2556 18 2583 ,
56 2492 341 2569 deminsederat,
367 2493 496 2556 macula
518 2515 627 2579 nuper
643 2492 786 2577 legenda
802 2498 960 2580 praebuit
973 2493 1167 2604 diligentis·

46 2588 161 2649 ¹simus
181 2576 445 2652 Valckenarius,
471 2581 521 2642 sic
541 2599 579 2642 se
593 2577 722 2642 hahent
737 2581 784 2665 [p.
803 2581 854 2643 46.
871 2578 1023 2663 Valck.]':
1047 2576 1167 2662 Εχχρί-

12 2724 17 2739 .
57 2665 344 2747 σαιιιαζέναλιῖψαι
360 2664 507 2747 διαφέρει.
552 2662 707 2748 Ἐχχρίσιιι
728 2667 787 2744 μέν
804 2665 882 2750 γὰρ,
912 2664 961 2728 int
982 2662 1166 2773 σκορπιόυῆ

46 2757 188 2841 ,σφηκῶν
195 2800 205 2829 ,
233 2747 357 2831 iterur
375 2749 518 2812 τοιούτου
533 2748 688 2833 λέγουσιν·
718 2750 878 2831 inultique
901 2750 953 2828 il,
976 2748 1024 2813 ini
1038 2752 1168 2833 οφθαλ·

56 2846 133 2925 μῶν.
185 2832 356 2899 Ponamus
379 2837 446 2896 iam
467 2831 544 2920 plus
571 2855 648 2918 eum
677 2832 851 2912 docuisse,
887 2852 986 2915 quam
1014 2833 1166 2918 reliquos

55 2920 308 3011 grammaticos,
327 2922 385 3002 qui
399 2916 600 3003 simpliciter
614 2930 792 3003 exponunt
806 2915 951 2999 πατάξαι,
974 2928 1095 2998 παῖσαι,
1107 2912 1167 2983 rei-
1251 2952 1262 2971 ·

10 2996 13 3085 l
56 3028 134 3089 ραι,
164 3005 362 3089 ἓγκεντρίσαι.
419 3002 511 3083 (Vid.
540 3002 583 3063 ad
608 3003 827 3069 Ammonium
856 3014 972 3069 notata
997 3015 1031 3068 et
1063 3007 1166 3088 iunge

56 3094 127 3159 Διί.
152 3091 243 3155 Dion
270 3093 358 3152 sium
383 3088 472 3174 apud
501 3085 656 3151 Euslath.
684 3088 726 3151 ed
751 3088 1083 3178 Odyss.B.p.102,
1111 3090 1164 3152 46.

10 3112 15 3255 l
56 3180 155 3265 [Bas.
184 3110 284 3253 145d,
304 3176 355 3236 36.
377 3172 519 3255 Rom.])
546 3185 581 3237 et
601 3172 692 3236 haud
712 3172 813 3238 dubie
841 3174 903 3239 sub
923 3176 1000 3239 istis
1020 3172 1162 3263 verflbo-
1172 3188 1207 3243 51

10 3258 17 3387 ι
55 3284 130 3329 rum
142 3260 327 3327 involucris
339 3257 501 3351 idipsum
514 3254 649 3336 latebit,
683 3260 774 3341 quod
793 3258 972 3323 ostendere
990 3260 1164 3343 ingressus

11 3394 15 3423 ,
56 3370 139 3413 sum.
181 3343 371 3420 Nimirum,
391 3355 431 3407 ut
447 3340 636 3430 Aeschylus
649 3346 712 3405 sim
738 3342 796 3407 lex
809 3346 906 3427 χρίειν
920 3343 962 3408 de
976 3358 1094 3420 oestro,
1113 3346 1165 3408 sic

11 3466 16 3481 ·
55 3432 267 3517 frequentius
288 3422 347 3489 alii
366 3427 493 3514 ἕχχριίιν
518 3437 686 3514 usurpant
706 3366 749 3491 de
768 3430 941 3510 quibusvis
964 3425 1163 3492 animalibus
1230 3510 1234 3515 ‚

55 3517 192 3599 ὶαβιίλαις
213 3535 278 3579 nec
297 3512 400 3575 modo
413 3525 551 3596 punctu,
581 3513 672 3595 quod
686 3512 754 3578 iert
771 3512 906 3600 opinio,
936 3512 995 3578 sed
1011 3526 1045 3576 et
1056 3534 1165 3575 morsu

55 3619 221 3667 venenum
240 3594 502 3674 instillantibus,
524 3607 625 3679 utque
645 3600 729 3661 adeo
748 3618 828 3664 vere
841 3618 878 3662 ea
892 3600 1017 3664 virtute
1029 3595 1164 3679 ungeu-

54 3690 161 3764 tibus‚
189 3701 257 3767 qua
274 3684 372 3769 χρίειν
393 3680 524 3767 pollere
536 3684 717 3770 probatum
734 3685 791 3749 ivi.
840 3682 914 3747 Hoc
926 3683 1061 3747 antemi
1087 3699 1165 3744 sum

10 3774 14 3875 l
54 3770 202 3837 voluisse
222 3765 455 3845 Ammonium,
488 3775 527 3828 ut
545 3786 602 3830 sus
629 3766 699 3831 i'cer
719 3765 865 3847 faciunt,
902 3786 987 3853 quae
1005 3764 1046 3829 ad
1072 3770 1099 3830 it
1120 3764 1164 3831 de

55 3856 224 3936 ἐναλιΐψαι.
248 3849 368 3937 Neque
381 3854 472 3914 enim
487 3850 590 3914 ullam
603 3789 705 3916 liabet
718 3854 788 3916 veri
797 3855 954 3938 speciem,
970 3868 1164 3939 eumusum

54 3942 146 4007 verbi
162 3940 362 4004 restrictum
381 3933 469 4000 velle
488 3936 531 4000 ad
551 3936 644 4002 solos
657 3934 791 4016 oeulos,
821 3936 913 4022 quod
927 3937 969 3999 de
987 3936 1162 4020 quibusvis

54 4024 127 4090 uiis
147 4020 310 4089 membris
327 4039 396 4085 non
419 4019 522 4084 dubie
537 4039 643 4107 aeque
663 4024 750 4087 bene
763 4023 1000 4108 usurpabitur,
1029 4024 1163 4104 quoties

52 4108 236 4186 leniorem,
256 4103 365 4190 qualis
380 4102 482 4168 oculo
496 4111 699 4172 tenerrimae
718 4112 872 4192 corporis
888 4108 977 4191 parti
994 4107 1164 4181 convenit,

53 4208 154 4279 atque
175 4206 314 4257 eatenus
336 4210 401 4276 pro
427 4193 475 4253 ria
496 4202 564 4268 est,
592 4195 823 4255 inunctionem
840 4193 1026 4274 requirunt.
1069 4189 1161 4253 Haec

54 4285 187 4347 ridetur
203 4296 299 4347 meus
314 4212 469 4363 esseloci
485 4295 562 4345 rere
577 4277 807 4366 aenigmatici,
834 4274 993 4341 nonalia.
1037 4272 1159 4358 inquo
