2626 4792
343 197 412 271 An
438 196 638 273 surrent
664 174 706 276 e.
726 184 937 278 umens.
1033 244 1036 249 -
1144 202 1227 289 aa·

352 324 365 353 ὓ

97 367 206 450 luisse,
230 372 322 456 quod
334 384 447 436 tamen
462 391 525 458 ego
538 371 652 438 videre
666 394 824 463 neque03-
839 376 966 461 passim
985 377 1076 453 onim
1091 374 1129 441 δέ
1138 378 1196 458 τῆς

96 458 138 519 rui
146 455 264 520 locum
279 460 367 521 obit:
386 458 651 523 mulierarium.
692 459 833 523 Rectius
849 461 1129 535 existimassetnll
1137 459 1195 523 hic

97 540 194 604 talere
210 539 316 622 ellici,
340 553 374 605 et
389 562 432 607 ex
449 534 801 627 σοισὶοοπαραβασιάν
815 547 1195 631 νσ.719.νστ1ιυιπροεῖ
1281 546 1284 559 ’

75 680 77 685 .
95 642 131 689 ts.
143 626 219 689 75⁶.
234 624 461 715 supplendum
476 623 739 709 οελῆσεπαρέβη,
764 638 922 711 tanquam
945 633 1110 714 scriptum
1130 629 1194 697 ha-

94 708 241 775 beremus
256 712 376 796 παρέβη
391 712 431 775 τὰ
443 708 619 793 χρηστήρια
633 710 731 777 αὐτοῦ
744 715 766 775 i.
776 736 804 776 e.
814 707 997 797 παρήκουσε,
1005 720 1063 777 τοῦ
1080 702 1194 781 ''Anu'l-

92 797 180 869 λανσς
193 802 252 861 τοῦ
271 796 408 872 εἰπόντος
421 796 517 883 αὐτῷ,
540 794 587 861 ὅτι
601 797 628 861 el
639 793 830 879 μὴ’θνήσκοι
845 796 952 884 γέννας
965 794 1039 884 ἄτερ
1053 798 1089 863 οὐ
1103 797 1195 864 σώσει

89 875 271 961 τὴνπόλιν,
299 881 390 964 quod
415 884 444 943 si
464 883 613 959 adesset,
644 879 728 944 nihil
743 886 974 964 requireretur
987 889 1031 948 ad
1045 896 1195 955 structu-

87 981 139 1031 rae
157 964 455 1053 complementum.
476 962 537 1032 lin.
550 970 601 1031 20.
614 962 637 1029 l.
650 962 820 1059 ἐπήνεγκεν.
1187 998 1190 1003 ·

538 1276 617 1346 Car.
638 1279 728 1347 XXI.
761 1248 763 1250 l

130 1470 138 1483 o
166 1436 228 1503 Vs.
243 1435 318 1502 m.
365 1436 415 1501 Τιλ
435 1428 468 1501 δ”
487 1436 565 1504 ὀλοὰ
590 1436 745 1520 reiltun·
772 1435 809 1504 οὗ
829 1434 1025 1524 παρέρχεται.
1078 1433 1194 1515 schol.

77 1520 250 1617 τελλὸμενα
264 1526 408 1608 exponit
420 1525 604 1603 τελούμενα,
626 1520 825 1608 πληρούμενα
842 1522 1050 1608 σῒηινόμενα,
1070 1523 1195 1605 qtlibus

81 1626 255 1673 consonae
270 1618 350 1670 sunt
368 1608 528 1696 Hesychii
545 1613 776 1697 expositiones
793 1610 899 1674 τέλλον
913 1610 1052 1686 ἐποίουν,
1076 1618 1109 1671 ct
1122 1608 1196 1673 τῶι-

81 1690 178 1773 λεέαι,
203 1692 347 1757 λπιτέλλει
358 1690 423 1772 (ira
439 1705 533 1759 recte
549 1699 691 1781 corrigit
708 1695 919 1776 Gronovius)
935 1696 1092 1779 φαίνεται,
1113 1697 1196 1778 γίνε-

81 1802 149 1858 ται,
171 1774 300 1842 ἀνίεται.
353 1776 431 1840 Vox
469 1776 614 1843 ostrerna
635 1781 810 1843 retinenda
828 1783 859 1842 si
872 1782 915 1843 sit
929 1779 1067 1841 eandem
1086 1781 1195 1863 signi-

81 1858 274 1928 ficationem
293 1871 348 1925 ter
367 1800 603 1946 inculcaverit,
641 1864 733 1946 quod
756 1867 784 1926 si
806 1861 978 1951 offlfendat
991 1866 1194 1953 quempiam,
1202 1871 1253 1928 112

83 1944 112 2011 le
137 1966 196 2011 ere
226 1951 257 2011 is
278 1948 405 2033 poterit
431 1948 565 2013 α’νύεται.
621 1947 717 2011 Pind.
743 1946 881 2055 Olymp.
906 1947 972 2011 Od.
996 1948 1037 2008 ll.
1064 1950 1194 2011 VS.126.

84 1970 151 2119 [Ίῇ.
170 2032 276 2180 11111εὲ
296 2023 411 2113 έτειλαν
423 2034 504 2109 Διὸς
526 2030 601 2099 ὁδὸν
621 2027 708 2118 παρὰ
726 2034 853 2117 Κρονου
874 2026 981 2114 τῦρσιν
994 2034 1016 2095 i.
1033 2052 1062 2095 e.
1079 2028 1194 2101 Schol.
1223 2066 1226 2071 >

84 2120 250 2204 interpret
288 2118 476 2196 έτελείαισαν,
498 2116 627 2201 ἤνυσαν,
649 2115 873 2200 ἐπορεύθησαν.
896 2116 1024 2179 Noster
1038 2115 1195 2183 iol’r'om.
1264 2197 1267 2205 Ι

84 2202 131 2269 v's.
152 2207 224 2267 100.
237 2208 281 2284 πῆ
293 2226 366 2267 ποτε
379 2204 512 2286 μόχθων
523 2203 586 2288 χρὴ
600 2203 740 2289 τέρματα
753 2202 850 2268 τῶνδ’
874 2203 1037 2280 ἐπιτεῖλαι,
1063 2202 1121 2263 ubi
1134 2203 1194 2265 iti-

87 2288 158 2351 dem
173 2299 303 2351 reteres
317 2291 527 2371 grammatici
539 2290 723 2374 explanant
741 2309 804 2374 per
819 2291 1059 2369 ἐπιτελεσθῆναι,
1071 2295 1106 2349 et
1128 2308 1195 2373 φα-

86 2376 186 2520 ppam·
201 2372 243 2435 ad
258 2391 358 2520 quapn
377 2387 490 2520 aaaron
513 2379 695 2522 οὸἓίοσειη
709 2370 1074 2522 σιειλιίὲίῖεΊοιλ-εῄσίιιίπαε
1098 2383 1192 2435 recte

88 2476 131 2520 11
174 2477 374 2521 rovocana
446 2479 510 2523 om.
609 2477 649 2524 ss.
697 2479 776 2522 .vs.
852 2506 860 2522 .
941 2475 1086 2521 incuna
1130 2474 1192 2520 uae

89 2478 224 2606 ποιέοιεν
240 2545 333 2620 vitiat
347 2547 469 2606 extrita
485 2482 733 2607 literayconsuli
748 2547 879 2630 poterit
892 2546 927 2607 ni
941 2538 1042 2607 fallor
1049 2477 1191 2607 nullan.-

90 2622 188 2716 Ocyp.
203 2644 250 2694 vs.
263 2631 314 2691 37.
329 2628 373 2713 [ν.
388 2630 440 2691 66.
458 2627 520 2694 vol.
534 2629 575 2708 ll,
590 2651 623 2717 p.
633 2631 724 2713 aaz]

231 2761 389 2837 Δρόμσισιν
406 2763 502 2820 ἀσκῶν
519 2766 631 2838 κοῦφον
648 2762 685 2830 ῶς
702 2771 773 2822 τιθῶ
792 2766 869 2825 πόδα

153 2874 172 2917 '.
235 2851 347 2921 Τρέχαιν
365 2848 453 2903 ἔτειλα
471 2883 555 2920 -,

90 3000 141 3068 pro
154 2981 278 3050 loretto
292 2983 382 3067 quod
397 2984 526 3062 editur,
547 2983 708 3070 quodque
722 2985 811 3049 varie
825 2981 959 3047 tentant
972 2982 1036 3048 viri
1051 2982 1188 3051 eruditi.

89 3069 206 3135 tensus
225 3088 268 3132 ne
282 3070 372 3133 idem
387 3071 438 3135 bis
454 3070 636 3150 dicaterit,
660 3092 786 3133 cursum
801 3073 1006 3147 absolveram,
1028 3068 1080 3133 vel
1090 3085 1189 3155 post-

86 3172 174 3234 ριοπι
192 3178 320 3218 currere
339 3161 507 3231 desieram,
535 3163 616 3219 sensi
635 3161 711 3218 mihi
722 3161 811 3238 perlis
831 3159 966 3216 dolorem
984 3165 1189 3218 contractum.

84 3237 125 3303 tel
140 3262 243 3305 cursu
260 3263 307 3302 me
325 3248 522 3304 exerciturus
534 3247 626 3305 levem
642 3252 677 3302 ut
689 3263 771 3322 pono
783 3245 889 3321 pedem
908 3244 1189 3303 intercurrentium

79 3328 231 3389 contraxi
246 3330 419 3409 milipedis
434 3330 584 3387 dolorm..
627 3323 696 3388 Pro
709 3324 826 3408 τρέχων
839 3323 905 3406 legi
920 3321 1059 3406 quidem
1069 3336 1188 3408 posset

75 3410 214 3497 τρέχειν,
233 3409 294 3472 sed
307 3431 370 3473 nec
383 3412 601 3495 participium
616 3413 748 3495 respuit
768 3420 959 3472 structurae
976 3409 1083 3484 ratio,
1104 3410 1187 3491 quin

75 3496 246 3581 requiret,
279 3495 337 3557 ubi
366 3492 465 3558 iterio
491 3492 651 3558 habueris
677 3515 741 3580 pro
761 3506 916 3579 tempore
942 3493 1037 3559 verbi
1063 3493 1188 3570 τέλλυν,

75 3576 168 3665 ruod
182 3588 220 3641 et
232 3580 347 3664 ipsum
359 3577 472 3643 locum
484 3581 662 3659 commode
674 3581 791 3645 sortiri
810 3596 912 3665 posse
929 3577 1072 3641 ridetur.
1116 3576 1187 3642 Ce-

75 3680 188 3731 'emtn
201 3666 290 3725 utin
303 3663 441 3728 Pindari
461 3665 538 3729 loco
553 3660 740 3730 τεῖλαι·ὄιλιλν
760 3668 809 3728 sic
830 3670 946 3728 στεῖλαι
959 3661 1106 3725 κέλευθον
1118 3679 1186 3722 no·

75 3762 143 3815 ter
161 3750 203 3809 in
224 3744 316 3812 Pera.
336 3768 384 3817 vs.
399 3752 471 3812 611.
492 3750 582 3813 unde
605 3749 714 3834 palam
744 3770 817 3813 esse
838 3761 975 3811 autumo
998 3748 1035 3807 in
1062 3744 1185 3808 talibus

75 3836 188 3901 emm
201 3835 353 3897 amittere
365 3837 470 3918 sigma
489 3834 533 3897 ob
549 3853 695 3910 versum,
711 3838 794 3898 utin
809 3826 934 3916 ἐπιτολή
950 3826 1193 3919 fieriyidimus.

75 3920 107 3984 td
126 3917 246 3981 Proin.
259 3936 306 3983 vs.
323 3924 352 3983 3.
375 3933 476 4002 atque
490 3920 576 3984 adeo
594 3918 678 3982 haec
698 3917 934 4007 aequipollere.
979 3910 1079 3977 Conl.
1092 3913 1185 3978 Aem

75 4002 171 4087 hirti
182 4014 297 4065 notam
313 4003 354 4066 ad
370 4003 508 4067 Pindari
522 4005 542 4068 l.
553 4026 580 4068 c.
596 4007 691 4068 cuius
703 4007 826 4068 iterum
841 3994 1245 4087 estinolymp.flod.1ts

75 4088 90 4153 ².
114 4100 171 4155 vt.
190 4092 262 4151 122.
282 4088 349 4172 [75.
365 4086 467 4173 Bru]
488 4088 520 4153 εἶ’
536 4113 567 4153 τι
586 4090 617 4164 ές
631 4087 724 4174 χάριν
743 4089 880 4154 τέλλεται
900 4090 921 4148 1.
941 4101 969 4144 e·
987 4082 1118 4167 γίνεται,
1144 4094 1184 4147 ut

75 4172 218 4259 exponit
239 4170 351 4237 schol.
397 4174 482 4236 add.
504 4173 570 4238 Od.
590 4176 647 4240 Xl.
671 4193 718 4240 vs.
738 4175 766 4237 5.
810 4170 943 4235 Abhinc
971 4185 1040 4229 non
1061 4166 1185 4255 procul

75 4256 386 4408 nctaepnpudnus
400 4269 517 4324 tuetur
531 4265 628 4346 πῆραι
643 4259 710 4327 rid.
724 4271 759 4325 et
773 4257 814 4323 ad
824 4247 996 4343 Lycophr.
1007 4249 1185 4321 Cassandr.
1247 4267 1252 4273 ’

75 4346 154 4408 rs.1
224 4387 234 4407 .
274 4352 375 4410 otter.
1017 4376 1020 4381 ·
