2626 4792
127 184 201 255 sto
581 174 671 247 LlB.
692 172 755 247 tu.

153 370 244 419 neas.
271 346 485 465 {adpre-legen
497 344 616 455 pedem
629 348 664 409 in
678 342 751 410 rei
768 343 809 410 V.
823 364 851 408 u.
864 346 896 407 2
912 342 993 417 ubi,
1025 338 1225 447 ἥμιρόσιντις

90 426 1229 624 70ίίίῖἕίίίῖείεῖίίδζίζίίίίώὲίιίοίρίίῑίίίίίιιιίίιῗίίαῖἶῗι
1278 500 1284 613 f

68 632 71 637 ’
130 622 295 770 {titii
307 594 1232 775 &diffinititidtttitsst'ttsmffiitdit

130 783 215 864 τρῶν
228 778 249 841 δ
253 775 263 801 ’
282 770 487 860 ἐξεμαρτύρει.

219 891 278 956 Vs.
294 894 366 955 472.
394 886 526 973 Πράξας
538 884 598 973 γὰρ
612 882 644 949 ίν
657 908 705 951 σοι
718 890 861 970 πανταμῆ
873 882 943 949 τίδ’
958 883 1092 951 ιιίνίσια.
1107 886 1174 949 nisi
1186 882 1234 949 da-

135 979 186 1043 dit
201 978 311 1063 poe'ta,
332 1000 382 1059 πρ.
397 973 457 1059 γὰρ
472 972 503 1037 'lv
516 996 564 1036 σοι
576 968 671 1035 ιιιίνθ.
686 969 707 1036 ίί
721 969 748 1057 y’
767 968 806 1033 ἂν
821 952 854 1057 ᾖ,
875 967 946 1035 τίδ’
962 968 1101 1037 αίνίσαιε
1135 982 1235 1035 utern-

135 1084 323 1149 quemeoum
339 1073 441 1121 uotnm
454 1058 559 1139 frreri!
574 1072 602 1118 re
619 1064 720 1119 indice
735 1068 984 1129 contentusero,
1015 1074 1103 1133 seu,
1130 1062 1236 1141 aoqrrie·
1280 1100 1284 1142 ,

138 1170 225 1211 snum
239 1158 294 1209 ino
308 1152 340 1209 in
355 1148 487 1217 iudicio,
514 1146 664 1227 quioquid
677 1148 709 1203 in
723 1163 789 1221 me,
820 1150 853 1203 et
871 1146 909 1204 de
920 1165 971 1203 me
985 1146 1159 1204 statueris.
1195 1138 1237 1203 sn

137 1230 256 1297 saitem
277 1234 435 1310 πανταχῆ,
474 1228 563 1311 quod
583 1228 715 1306 Hesycn.
735 1237 768 1287 et
782 1226 869 1290 Snid.
894 1222 987 1311 expl.
1002 1220 1117 1291 πάντα
1129 1218 1236 1311 τρδνιν,
1272 1246 1284 1309 ς

137 1329 170 1381 et
193 1316 225 1380 ίν
244 1319 336 1378 παντί
357 1312 477 1399 τρόπῳ,
515 1310 617 1374 fuerit
642 1309 884 1396 accipiendum.
956 1310 1034 1374 Nec
1059 1308 1137 1375 fere
1159 1306 1237 1373 aliter
1268 1348 1284 1393 tt

138 1397 253 1549 {⁰¹¹⁰}
296 1401 423 1476 Versu,
444 1399 500 1482 qui
520 1394 611 1483 buno¹
628 1398 830 1483 praecessit,
862 1392 1237 1475 Gasnub.emendat‚ri
1269 1416 1284 1437 ’-

176 1534 187 1565 ,
214 1510 250 1549 ε.

225 1582 280 1643 Vs.
297 1580 367 1645 473.
400 1580 446 1645 Τδ
460 1585 587 1665 πρᾶγμα
598 1582 702 1662 μεῖζον
718 1593 782 1644 etc.
827 1578 1234 1655 AccusationeFuriuun
1268 1586 1284 1646 i!

140 1666 343 1749 Orestisque
355 1663 553 1731 defensione
567 1667 696 1741 audita,
727 1662 961 1741 difiioultates‚
982 1684 1076 1748 quas
1092 1666 1234 1729 dirimen·
1270 1670 1284 1729 ir

142 1750 203 1815 dae
218 1750 298 1812 huic
310 1747 362 1812 liti
380 1755 489 1814 inesse
504 1758 629 1832 cernit,
653 1750 806 1817 Minerva
821 1749 964 1831 indicat;
986 1770 1073 1813 uam
1092 1752 1124 1815 si
1138 1768 1235 1815 seeun-

141 1837 223 1901 dum
240 1834 386 1899 Oresten
408 1839 550 1915 iudicet,
579 1856 701 1899 noxam
744 1854 854 1899 ranem
870 1855 951 1899 suae
969 1836 1113 1899 Atticae
1127 1838 1168 1899 ah
1181 1830 1234 1899 ille-

142 1942 218 1985 rum
236 1924 286 1983 ira
309 1922 536 1983 metuendam:
568 1925 619 1984 sin
641 1859 805 2007 incufpati
829 1918 994 2005 supplicis
1020 1938 1235 2009 causampro·
1276 1942 1284 2005 p

144 2006 219 2081 dat,
245 2007 386 2089 impium
405 2004 534 2069 facinus
548 2007 733 2069 admissum
747 2009 800 2071 iri.
844 2006 916 2069 Hoo
933 2008 1112 2069 sermonis
1128 2002 1235 2067 Miner·
1278 2032 1284 2088 ρ

144 2110 204 2157 vae
218 2109 326 2174 usque
339 2110 386 2156 vs.
403 2094 474 2154 483.
495 2103 545 2155 est
564 2104 809 2175 argumentum.
862 2088 928 2155 i'ro
942 2088 976 2153 εί
984 2114 1037 2164 τις
1048 2090 1151 2155 οἴεται
1162 2092 1236 2153 διαί
1279 2110 1284 2150 ε

144 2174 243 2261 legit,
264 2174 345 2257 ἥτις
360 2174 477 2259 υίηται,
513 2176 797 2283 Casunb.quoque
816 2172 904 2257 ἥτις.
949 2170 1237 2261 Utrumviseligts
1283 2206 1284 2223 ι

106 2270 139 2321 71
172 2274 268 2325 arum
280 2260 414 2327 referet.
456 2260 643 2325 Obtinente
657 2264 756 2339 είτις,
779 2260 869 2343 quod
883 2259 899 2349 Η
914 2271 1036 2323 tuetur
1051 2258 1191 2339 Schol„
1206 2256 1237 2321 el·

146 2283 261 2431 riptica
282 2354 332 2408 est
354 2348 478 2417 oratio,
509 2344 726 2433 supplerique
748 2350 893 2434 poterit,
927 2355 967 2407 ut
987 2343 1075 2409 facit
1092 2350 1238 2432 interpres

149 2430 319 2509 Gnaeum,
348 2427 398 2493 vel
422 2430 620 2514 simpliciter
640 2429 748 2514 ὀρθῶς
770 2430 865 2495 οίεται
890 2443 970 2495 recte
987 2444 1106 2494 censet.
1138 2426 1239 2515 ἤτιςεί

149 2515 339 2602 praeferas,
360 2513 480 2599 plenus
494 2529 544 2580 est
559 2535 679 2580 sermo.
701 2518 748 2589 τίς
758 2512 875 2596 βροτός
890 2511 936 2577 nii
951 2510 1047 2578 aliud
1063 2518 1154 2579 dicit
1166 2532 1240 2601 quen

98 2616 108 2637 ³
150 2604 207 2675 τίς,
228 2598 426 2677 solitarium,
448 2616 484 2660 ut
501 2613 617 2662 contra
634 2604 761 2664 omisso
774 2603 821 2675 τίς
836 2620 1081 2682 nonnunquam
1097 2600 1180 2687 ἀνήρ
1191 2604 1241 2663 eins

151 2690 257 2750 vicem
274 2687 361 2759 obit,
387 2681 488 2748 veluti
504 2688 538 2746 in
553 2684 649 2749 Pane.
664 2684 763 2751 Attio.
779 2707 810 2770 p.
827 2687 878 2753 64.
899 2688 990 2759 λίθος
1004 2683 1044 2749 οὐ
1056 2687 1181 2771 μέγας,
1195 2680 1241 2749 ίλί

151 2770 227 2837 ὅσον
248 2772 434 2847 καθίζεσθαι
451 2770 564 2852 μικρδν
586 2767 697 2853 ἄνδρα.
729 2770 762 2855 pl
777 2773 826 2834 84.
849 2766 945 2836 νόσου
957 2768 1156 2855 ἀκεσθείσης
1168 2768 1244 2851 ἀνδρί

152 2858 272 2921 Aroad.
288 2858 361 2918 685.
387 2854 460 2921 οὔτε
476 2856 570 2931 αὐτὸς
583 2852 791 2938 θεασάμενος,
820 2854 890 2919 orire
902 2852 1019 2937 ἀνδρὸς
1030 2854 1119 2942 ἀκοῇ
1135 2855 1245 2927 ἰδόντος

153 2942 267 3025 Apoll.
287 2942 382 3003 erod.
397 2936 417 3000 l.
434 2941 457 3005 Ι.
475 2961 522 3005 vs.
533 2944 603 3002 479.
621 2939 685 3006 οἷσί
694 2965 751 3024 περ
767 2936 910 3021 (μύθοις)
923 2938 1005 3024 ἀνὴρ
1021 2940 1180 3021 θαρσύνει
1192 2942 1246 3005 ίτο·

154 3050 219 3111 ρον.
264 3023 355 3107 Quin
373 3038 407 3087 et
421 3039 525 3087 noster
537 3044 639 3111 supra
655 3044 701 3091 τε.
716 3026 787 3089 452.
802 3025 881 3111 πρὸς
894 3022 1010 3107 (indutie
1015 3075 1027 3107 ‚
1050 3048 1123 3113 pro
1135 3023 1220 3101 τινός.

244 3137 301 3202 Vs,
316 3140 388 3203 475.
421 3136 503 3202 Οὐδὲ
520 3139 584 3222 μὴν
600 3140 672 3221 ἐμοί
689 3141 781 3222 θίμις
799 3136 914 3225 φόνους
933 3142 1064 3225 διαιρεῖν
1080 3141 1250 3224 ὀξυμηνίτου

156 3225 246 3297 δίκας
297 3222 386 3285 Haeo
402 3220 503 3287 veluti
519 3245 579 3309 per
595 3228 811 3311 parenthesin
832 3230 1020 3312 interponit
1037 3226 1126 3303 dea,
1148 3248 1209 3290 neo
1221 3222 1251 3287 ad

158 3311 316 3395 syntaxin
336 3308 543 3388 reliquorum
564 3312 743 3393 quidquam
763 3310 898 3373 faciunt.
957 3308 1056 3376 Salva
1083 3316 1252 3417 scriptura,

159 3392 276 3481 φόνους
295 3396 383 3467 δίκας
397 3397 592 3539 scripserit,
615 3394 682 3459 ἀντὶ
699 3402 755 3459 τοῦ
769 3396 898 3476 φονικὰς
909 3397 1013 3474 δίκας,
1035 3401 1134 3459 utin
1151 3392 1253 3483 buppi·

160 3500 203 3547 vs.
225 3479 292 3540 116.
315 3499 358 3541 ex
372 3477 461 3540 scho
477 3528 483 3537 .
505 3491 616 3542 mente
632 3479 692 3563 ἄτη
711 3478 833 3564 dudan,
862 3502 925 3567 pro
939 3479 1146 3565 ἀπατητική,
1173 3495 1207 3547 et
1218 3483 1255 3544 si·
1282 3546 1284 3559 ,

160 3563 251 3628 milia
267 3564 373 3649 plura.
397 3560 496 3646 ᾳόνου
515 3569 542 3625 si
559 3564 728 3649 praeferas
741 3586 783 3627 ex
798 3568 944 3644 Robore,
968 3568 1061 3647 quod
1084 3567 1257 3631 Οσεααὺονι

160 3651 305 3737 piacuit,
328 3660 361 3710 et
373 3648 531 3711 sueinus
545 3654 710 3735 expressit
724 3653 757 3710 in
776 3655 947 3723 versione,
969 3656 1157 3737 corrigens
1172 3670 1258 3738 prse-¹

159 3749 270 3809 terea,
294 3734 510 3815 ὀξυμηνίτους,
531 3751 650 3796 sensus
663 3735 779 3797 itidem
795 3750 941 3818 emerget
956 3738 1178 3801 commodus,
1207 3729 1259 3799 sei

163 3829 197 3883 et
208 3817 309 3900 Δίκης
328 3823 356 3882 si
377 3819 542 3896 dedisset,
569 3829 669 3901 atque
685 3820 791 3882 Dioen
817 3818 912 3882 deam
929 3818 1078 3903 intelligi
1102 3819 1261 3895 voluisset,

164 3904 358 3967 adiunctum
375 3901 560 3985 ὀξυμηνίτου
573 3902 692 3989 pulcre
708 3908 897 3988 quadraret.
940 3902 1054 3967 Schol.
1066 3905 1262 3988 δξυμηνίτυνς

124 3987 286 4071 relegisse
305 3988 445 4053 videtur.
494 3989 584 4048 idem
604 3987 642 4053 ori
657 3988 748 4070 θέμις
766 3994 924 4073 exponit,
945 3988 1004 4071 οὐχ
1016 3989 1129 4073 ὅσιον,
1152 3990 1170 4079 ΙΙ
1193 4006 1265 4076 quar

165 4077 278 4135 iuncta
290 4076 441 4136 invenias
456 4071 546 4158 apud
561 4076 654 4157 δορα.
672 4073 720 4136 El.
738 4092 783 4139 vs.
797 4078 869 4139 485.
883 4075 985 4158 [439]
1001 4076 1042 4137 ad
1058 4098 1187 4160 quem,
1216 4091 1266 4138 nee

166 4177 232 4219 non
249 4165 356 4219 comici
368 4160 399 4222 N
403 4158 456 4220 uh.
471 4159 542 4222 294.
565 4158 654 4221 conf.
674 4163 783 4222 critici
802 4170 942 4226 veteres.
971 4162 1108 4244 διαιρεῖν
1123 4160 1267 4226 adhibuit

164 4261 246 4390 qu
259 4246 382 4304 iterum
397 4261 444 4307 vs.
459 4244 529 4308 491.
553 4245 672 4307 eodem
688 4262 801 4313 sensu.
852 4244 926 4308 Vid.
939 4247 983 4312 Le
997 4246 1074 4310 Bos.
1089 4248 1181 4312 oss.
1195 4242 1267 4312 cnr.

164 4352 189 4387 ι’.
230 4380 233 4385 .
763 4380 766 4387 ,
