2626 4792
126 384 184 428 τοο
196 365 412 445 καταφρονεῖν.
439 359 498 429 ubl
511 352 611 443 λόγον
625 352 706 443 diarii
720 372 906 445 perpetrm
920 354 1091 431 unm,
1117 350 1166 417 to
1175 352 1226 415 i·-
1266 372 1284 416 ιι

129 452 251 511 ctrina
268 456 300 506 et
318 450 471 523 rationis,
500 442 599 507 reddi
619 444 791 529 oportuit,
816 448 866 507 via
878 447 1067 514 crationi&-
1086 438 1228 501 utinm
1268 462 1284 504 τ

128 547 331 595 conversum
351 526 442 615 apud
465 529 600 612 Tieopt.
622 531 698 593 Sim.
721 526 761 591 1..
781 527 822 590 V.
845 524 933 589 illst.
947 544 976 590 α
989 524 1022 589 6.
1047 522 1234 607 patroru-
1270 552 1284 605 p

130 615 331 699 descripsit,
352 618 381 676 si
398 612 503 676 iuerit
517 613 659 696 Polybii,
682 616 779 676 coins
792 623 943 679 ceterum
956 608 1110 673 eandem
1122 608 1158 671 in
1168 624 1238 673 τοι
1272 614 1284 673 i

30 744 32 749 ,
88 748 91 753 .
128 698 214 763 haec
233 695 327 783 legas
347 694 369 760 l.
383 696 441 760 xt.
457 696 545 759 ilist.
566 718 594 761 c.
609 699 640 761 8.
659 693 704 773 εἷς
722 694 815 781 λόγος
831 694 983 779 ιόιιοίρας
995 686 1242 780 &Medulis--
1274 700 1284 759 'r

128 783 208 869 δρός
226 780 425 858 ἀξιοπίστου,
459 778 606 856 πολλάκις
628 780 666 847 oti
683 780 782 863 μόνον
800 779 966 864 όποτρέπει
985 781 1096 861 τῶνχ
1237 818 1242 831 -

129 867 211 933 itti
230 869 281 930 ναί
306 872 455 956 παρορμᾷ
474 867 555 946 πρός
574 866 614 931 τὰ
628 864 778 933 κάλλιστα
794 866 870 944 νοός
883 860 1090 951 ἀνθρώπους.
1230 880 1234 895 “

131 951 234 1019 celeb.
253 952 294 1015 V
290 957 406 1015 alolten.
426 951 468 1014 ad
483 953 591 1035 Ειινὶρ.
607 951 733 1017 Phoen.
749 974 781 1039 p.
799 953 868 1015 166.
884 969 951 1032 seq.
968 950 1027 1035 [ad
1040 966 1095 1015 w.
1112 944 1236 1031 61001
1280 978 1284 1027 η

131 1055 298 1123 quassos
321 1036 362 1098 ad
384 1035 509 1101 Gottier.
532 1056 566 1123 p.
583 1036 631 1100 76.
654 1035 773 1119 ·Qure
792 1048 904 1100 rotem
922 1030 1238 1101 ratiornororitrl·
1282 1092 1284 1097 .

132 1142 211 1199 ιμσι
232 1117 521 1198 laudatissimum,
555 1133 592 1185 ut
616 1124 651 1185 in
675 1126 796 1186 citata
815 1119 1013 1203 tragoediae
1036 1136 1092 1184 rs.
1111 1112 1242 1185 tecti

132 1209 189 1273 τιν’·
211 1202 326 1290 ἀλκήν,
352 1203 374 1289 ἢ
398 1205 518 1289 σοφοὺς
537 1203 613 1287 έχιις
632 1202 744 1292 λόγους
763 1242 849 1259 --
871 1200 1024 1291 έρήτυσον
1038 1203 1140 1269 edm
1150 1203 1246 1283 duit·

134 1288 268 1374 ἁμίλλης
272 1338 283 1371 ,
306 1300 500 1374 suspectum
519 1292 638 1355 habeat
654 1313 683 1358 ν.
697 1288 811 1374 ἀλκήν,
833 1289 925 1355 latet.
972 1288 1065 1352 Mihi
1078 1284 1176 1353 el'rd
1192 1282 1245 1351 tt·

92 1377 193 1464 βθνην
206 1375 282 1459 έχεις
295 1376 424 1439 dictum
438 1375 528 1454 fere,
550 1388 588 1439 ut
603 1375 673 1441 εἴτι
688 1374 856 1464 sicilienses,
876 1371 931 1441 vel
944 1372 1023 1439 ὅσον
1039 1369 1244 1439 timonem·

136 1463 315 1549 dequibus
330 1459 501 1546 quidpiam
516 1460 615 1524 infra.

220 1546 280 1611 ils.
298 1546 370 1609 261.
404 1542 499 1626 Αἷμα
515 1550 663 1633 μητρῷον
679 1547 778 1629 χαμαί
793 1549 876 1613 droa
930 1568 1058 1626 μιστον.
1097 1543 1138 1610 τό
1152 1536 1284 1631 διερίτή

30 1696 35 1707 ,
135 1630 220 1719 πίόρι
232 1630 395 1712 κεχυμένον
409 1630 531 1712 aligeros.
573 1632 666 1693 idern
683 1633 737 1693 nic
751 1633 812 1697 dvo
887 1654 1019 1712 μιστον,
1043 1629 1144 1714 quod
1155 1628 1240 1711 dm·
1273 1632 1284 1696 l

136 1712 284 1796 ιιόμιστον
292 1763 301 1794 ,
331 1727 368 1777 ut
384 1736 457 1779 esse
471 1714 560 1780 solet
574 1722 636 1779 πᾶν
648 1713 746 1803 inspic
760 1720 803 1791 εἰς
819 1716 913 1780 πέδον
927 1716 1111 1803 κεχυμένον.
1156 1714 1240 1779 Ner·

137 1812 228 1865 trum
242 1797 441 1865 vocabulum
454 1799 542 1887 apud
558 1800 662 1886 Steplt.
677 1798 857 1888 reperitur.
908 1801 1051 1884 Hesych.
1064 1798 1172 1887 διερόν
1185 1816 1239 1861 nor
1273 1820 1284 1863 ι

102 1948 107 1955 ,
136 1885 241 1949 modo
256 1881 471 1971 expl.1‘›yp‹lv,
494 1905 607 1947 verum
625 1890 724 1949 etiarn
740 1890 834 1965 ζῶον,
855 1883 996 1964 έναιμον,
1019 1886 1073 1949 ita
1094 1884 1239 1950 enimin·
1273 1899 1284 1947 t

137 1981 231 2037 serto
244 1985 411 2033 commate
426 1971 608 2055 separanda
623 1970 723 2037 duco.
768 1972 933 2058 Respexit
948 1975 1194 2053 grammaticos
1203 1962 1238 2031 il·

138 2051 198 2120 lud
218 2055 320 2141 διερός
342 2053 460 2138 βροτός
480 2060 516 2117 ln
541 2054 633 2118 Hom.
655 2054 780 2143 Odyss
798 2061 837 2119 Ζ.
859 2074 907 2122 vs.
924 2060 997 2119 201.
1022 2056 1086 2119 ubi
1109 2056 1237 2121 Brntni
1275 2060 1284 2116 l

61 2174 66 2181 -
138 2161 171 2228 p.
187 2142 259 2203 258.
275 2160 322 2204 vs.
339 2146 389 2205 st.
405 2142 519 2289 9669,
531 2140 598 2224 ts]
619 2140 662 2205 de
682 2154 797 2229 etymo
817 2143 906 2205 idem
926 2139 970 2203 ad
983 2137 1083 2204 lliad.
1103 2142 1147 2207 Ψ.
1160 2138 1237 2203 ttts.
1277 2164 1284 2217 ,ι

133 2226 391 2310 Ινε.27.[1812,
427 2226 450 2310 .]
475 2237 509 2289 et
527 2225 733 2309 Etymnlopus
763 2228 859 2311 iii}
918 2224 1007 2293 Usus
1030 2245 1172 2311 quoque
1189 2222 1241 2285 lm
1278 2248 1284 2283 ι

139 2317 240 2375 nostri
260 2307 338 2372 loco
352 2311 469 2395 Spania.
488 2310 708 2394 adArr'stnplt.
759 2314 871 2376 μίμνε.
889 2315 960 2376 666.
1004 2310 1097 2376 Mox
1115 2304 1238 2397 έρυθβίῐ
1280 2312 1284 2370 l

139 2395 289 2468 πέλανον,
312 2398 402 2478 quod
417 2397 552 2480 scripsit
567 2414 614 2457 vs.
636 2394 702 2459 184.
721 2394 889 2482 θρόμβους
904 2392 1020 2481 φόνου,
1043 2396 1141 2461 unde
1154 2394 1238 2458 stitit
1281 2414 1284 2475 ¹:

143 2478 257 2543 Schol.
273 2478 362 2565 eit-pl.
378 2476 524 2563 θρόμβον
537 2480 676 2558 αἵματος.
713 2481 813 2547 Conf.
823 2486 939 2565 Spanlr.
954 2482 996 2544 ad
1010 2478 1242 2571 Iuliampziffl·
1282 2498 1284 2503 ⁴

142 2562 193 2627 Vs
217 2566 290 2630 268.
307 2584 371 2653 pro
387 2559 591 2649 μητροιμόινιις
609 2565 740 2628 casana
765 2570 908 2653 corrigit
928 2565 1149 2651 μητροφόνον.

151 2706 154 2711 .
228 2648 286 2712 VS.
302 2652 382 2732 269.Ι
407 2650 499 2729 ”Owen
518 2647 549 2711 δ’
570 2650 635 2712 έκεῖ
649 2650 696 2725 τίς
714 2649 810 2718 ἄλλον
829 2652 930 2736 ἤλιτεν
948 2658 1087 2736 βροτῶν.
1147 2648 1240 2733 Qum

144 2729 272 2797 frustra
286 2732 437 2799 laborare
456 2752 557 2821 saepe
576 2732 708 2799 soleant
722 2740 924 2826 interpretes
946 2741 981 2798 in
1000 2736 1089 2801 locis
1106 2733 1241 2821 velpa·

144 2814 252 2881 lulum
266 2839 284 2882 a
301 2823 516 2885 consuetiore
528 2823 781 2886 constructione
795 2822 1046 2898 recedentibus,
1066 2826 1165 2886 inter
1175 2816 1242 2882 ator

146 2920 223 2969 cum
243 2903 324 2968 alibi
345 2905 435 2985 haud
453 2925 551 2983 raro,
580 2920 652 2969 tum
673 2912 842 2990 praesenti
859 2911 893 2970 in
908 2905 986 2971 loco
1000 2907 1159 2969 ostendit
1170 2905 1242 2966 Ροιι-

146 2995 245 3066 acius,
278 2995 331 3052 cui
353 2995 525 3076 syntaxis,
559 2987 631 3070 όψει
653 2993 699 3066 τίς
717 2991 812 3057 ἄλλον
834 2991 943 3075 ’έχοντα
963 2990 1117 3071 έιιαστον,
1150 2998 1244 3055 tarto

149 3069 274 3135 offudit
285 3078 453 3152 tenebras,
476 3087 513 3137 ut
526 3078 625 3141 verba
641 3074 750 3157 ὶβηοντα
770 3113 856 3126 —-
877 3076 1002 3152 ίπόξια,
1027 3094 1098 3141 nort
1118 3076 1163 3139 de
1175 3090 1244 3161 peo-

105 3158 322 3235 iooantibus,
357 3162 423 3222 sed¹
436 3158 522 3236 illis,
560 3163 595 3222 in
618 3180 703 3243 quos
723 3177 898 3249 peccatum
912 3171 969 3225 aut
989 3159 1005 3249 ΙΙ
1025 3156 1246 3245 intelligendi,

148 3253 210 3305 aut
220 3240 280 3326 leg.
297 3243 323 3307 ν’
337 3241 441 3326 ἔχονθ’
456 3243 740 3311 confidentissime
757 3248 920 3312 adfirmet.
973 3242 1128 3333 intelligi
1143 3244 1247 3311 volort

151 3326 217 3391 hoc
230 3340 362 3394 structo
376 3332 513 3394 ordine:
535 3328 607 3411 όψει
623 3332 657 3395 δέ
675 3334 739 3397 ἐκεῖ
747 3336 791 3397 έν.
803 3333 844 3416 έχ.
859 3331 943 3409 ίπόξ.
960 3357 987 3396 τ.
1003 3334 1034 3397 ό.
1047 3330 1087 3406 ός
1100 3350 1164 3396 seu
1178 3327 1248 3400 ὅπα

150 3411 202 3477 oin.
216 3411 265 3497 ἤλ.
282 3414 330 3479 ἄλ.
343 3422 395 3500 βρ.
411 3414 522 3499 ilicis
536 3428 600 3478 etc.
653 3415 796 3481 Mutatio
817 3423 874 3484 τοῦ
887 3420 934 3495 τίς
952 3421 987 3481 in
1002 3415 1040 3492 ός
1055 3435 1120 3480 seu
1135 3414 1248 3488 insert

151 3501 310 3564 crimina
332 3505 498 3580 videatur,
527 3503 558 3563 is
577 3502 640 3567 vid.
658 3504 744 3566 Lect.
766 3509 929 3567 Aristaeo.
947 3525 980 3589 p.
999 3502 1072 3565 265.
1100 3514 1137 3565 et
1161 3502 1249 3562 Ditis.
1282 3558 1284 3569 ,

154 3584 252 3649 Τίιιιο.
275 3608 306 3672 p.
324 3592 372 3650 18.
389 3605 458 3670 seq.
501 3583 617 3668 βροτόν
637 3584 737 3649 habet
762 3592 840 3651 Atel.
865 3599 898 3650 et
922 3590 1020 3650 Turn.
1043 3603 1112 3673 pro
1131 3588 1250 3670 βροτῶν.

151 3667 264 3733 όλίτειν
278 3668 432 3749 σπονόός,
453 3670 539 3733 dixit
558 3669 638 3754 Opp.
658 3671 695 3734 V.
710 3669 781 3736 llal.
796 3692 844 3736 vs.
860 3673 933 3737 663.
953 3673 1009 3735 ubi
1028 3689 1157 3758 parum
1174 3680 1253 3733 recto

151 3750 230 3817 libri
244 3755 310 3833 alii,
334 3775 419 3839 quos
433 3765 569 3819 secutus
582 3751 696 3818 Schol.
718 3757 842 3821 habent
855 3755 1005 3822 όλόττειν.
1051 3756 1119 3818 ilic
1137 3769 1176 3819 ut
1189 3760 1254 3818 ion·

153 3849 206 3901 cta
220 3854 404 3904 occurrunt
417 3839 529 3904 όλίτειν
543 3852 642 3923 atque
656 3840 795 3923 ἀσεβεῖν,
824 3846 873 3906 sic
887 3845 1064 3924 Hesychius
1085 3839 1195 3922 ἤλιτεν
1204 3856 1256 3903 ex·

152 3928 252 4008 ponit
271 3929 361 3991 inter
381 3926 445 3988 alia
464 3945 526 4009 per
546 3923 706 4008 ἠσέβησεν.
760 3929 818 3992 Vs.
839 3927 1056 4013 praecedenti
1077 3929 1257 4012 scripserat

153 4010 244 4077 forte
258 4015 453 4093 Aeschylus,
479 4008 519 4072 ‘lv'
535 4009 729 4086 όντιποίνσυς
748 4049 848 4075 -·-.
900 4044 903 4050 ¹

239 4095 296 4157 Vs.
311 4098 382 4158 280.
407 4097 509 4179 Βρίζει
524 4092 613 4176 αἷμα,
636 4099 686 4160 καί
699 4099 889 4181 μαραίνεται.
934 4092 1084 4159 Multum
1100 4092 1259 4180 frequen·

153 4188 227 4242 tant
252 4178 376 4245 Graeci
403 4183 543 4247 verbum
563 4182 775 4263 μαραίνεσθαι
796 4202 898 4246 sensu
920 4185 1077 4264 tropico,
1117 4185 1170 4244 uti
1189 4176 1258 4258 λόπη

152 4266 335 4347 μαραίνεται
351 4268 387 4327 in
404 4269 534 4328 Aetion.
551 4267 593 4328 de
605 4266 718 4331 Anim.
735 4265 756 4333 l.
768 4267 792 4330 l.
809 4289 835 4330 c.
853 4270 900 4331 18.
916 4266 1070 4344 ἐπιθυμία
1083 4262 1258 4348 ἀπομαροί·

147 4373 232 4419 νεται
245 4351 329 4420 Luc.
350 4350 441 4423 vili.
454 4346 549 4441 ἔταιρ.
564 4349 646 4441 [vol.
655 4350 759 4441 ttt‚p
771 4353 864 4439 300]
876 4354 1003 4417 Aetion.
1018 4349 1043 4415 l.
1058 4370 1090 4417 c.
1108 4372 1140 4418 ο.
1154 4354 1207 4420 67.
1213 4344 1256 4413 fin.
