2626 4792
338 156 341 163 ’
385 198 455 275 ιο
481 197 903 283 Aunuuunouuu
1120 192 1196 283 rte

166 384 228 455 Ui.
243 388 319 460 227·
352 398 435 459 'lind
451 398 483 459 δ’
503 396 629 481 rivirum
644 401 695 457 ido
711 403 854 460 ίίπαδνον

364 482 474 557 φρενὸς
490 486 584 540 πνίων
600 486 721 558 δυσσεβῆ
738 492 877 563 τροπαίαν
926 480 929 487 ’

350 570 501 644 ΙἈναγνον,
521 572 642 647 ἀνίερον,

364 655 458 713 Τόδεν
473 657 506 715 τὸ
523 657 721 734 παντότολμον

360 747 483 816 Φρονεῖν
496 744 623 816 μετίγνω
639 750 760 819 βροτοῖς.

75 870 157 951 ‚Neo
169 868 229 937 hie
242 866 340 934 loeus
352 872 443 935 inter
461 868 629 937 facillima.
680 866 891 937 Arnaudtius
908 864 1003 938 valde
1045 873 1191 943 robabili

76 960 279 1025 eonieoturn
293 954 374 1039 legit
392 957 450 1036 μὲν
463 954 554 1042 ἴγνωε
582 961 739 1040 sequitur
754 960 843 1019 enim
858 954 930 1021 ἔτλα
948 958 968 1019 ri
974 955 983 979 ’
998 982 1014 1020 ο
1060 1004 1071 1035 ,
1104 980 1192 1044 quae

75 1038 225 1121 voculae
243 1037 391 1124 legitime
405 1041 448 1102 ad
464 1060 500 1105 se
513 1054 632 1104 mutuo
645 1041 853 1111 referuntur.
884 1040 1014 1104 Heliod.
1030 1042 1090 1109 lib.
1100 1046 1192 1111 Vill.

75 1146 115 1217 p.
130 1130 209 1193 878.
226 1122 318 1207 μόλις
336 1125 410 1206 μὲν,
441 1126 581 1209 imitago
601 1129 620 1190 δ
626 1126 634 1151 ’
658 1119 715 1191 οὖν
735 1124 839 1207 ὅμως.
882 1126 1044 1190 Herodot.
1058 1126 1117 1194 lib.
1129 1130 1191 1195 lv.

75 1230 110 1277 e.
123 1212 156 1277 6.
171 1210 240 1290 ίμοί
253 1210 310 1290 μὲν
331 1208 369 1273 ον’
383 1209 477 1274 πιστὰ
491 1211 645 1294 λέγοντες,
672 1213 792 1296 λίγονοι
805 1208 837 1274 ri'
853 1202 918 1275 οὗν.
962 1211 1095 1299 loseph.
1108 1213 1149 1279 A.
1164 1214 1191 1281 Ι.

76 1292 144 1365 lib.
155 1296 278 1360 XVlll.
292 1313 322 1357 c.
338 1296 409 1374 9‚6.
431 1293 514 1359 ἄκων
526 1297 583 1376 μίν
597 1300 647 1360 καί
663 1297 707 1379 μὴ
725 1292 914 1376 βουλόμενος
920 1342 931 1373 ,
954 1294 1076 1379 σννοῖγὲι
1088 1296 1115 1383 γ’
1134 1292 1191 1363 οὖν

77 1378 230 1465 στρατόν.
256 1377 315 1442 lib.
329 1378 418 1442 xlx.
434 1402 462 1443 ο.
476 1382 508 1457 5,
524 1383 570 1445 18.
593 1381 623 1445 oi
639 1383 698 1462 μὲν
714 1386 742 1446 Γ
738 1383 864 1462 ερμοινοί
882 1382 909 1445 εί
928 1383 978 1443 καί
991 1381 1098 1462 μόλις,
1119 1382 1190 1447 ἀλλ’

79 1458 140 1535 olm
163 1456 339 1529 lnuaiourro
358 1461 483 1547 λύσσης.
510 1476 544 1527 et
568 1465 607 1530 Β.
625 1467 648 1528 l.
669 1465 726 1531 lib.
744 1468 801 1530 Vl.
818 1487 847 1530 c.
862 1468 893 1541 8,
909 1469 938 1530 2.
957 1467 1101 1550 βραδέως
1120 1468 1192 1550 μὲν,

81 1548 153 1617 iti’
164 1542 220 1614 οἷον
235 1543 391 1612 κατανεύει
407 1551 562 1633 σωτηρίαν
575 1549 691 1627 αὐτοῖς.
739 1549 858 1634 Neque
870 1547 975 1613 'aliter
989 1553 1123 1617 ridetur
1134 1552 1192 1619 le-

83 1640 177 1723 gisse
194 1632 307 1697 Sohol.
327 1643 365 1697 ut
386 1635 470 1697 bene
491 1648 606 1699 monet
625 1636 733 1716 idem3
768 1638 834 1700 nisi
850 1638 1061 1701 extrinsecus
1080 1640 1112 1702 is
1124 1638 1191 1702 ed·-

82 1722 245 1787 sumserit
263 1718 337 1798 μέν,
364 1717 456 1798 quod
475 1721 573 1806 poe'ta
592 1720 771 1804 reliquerit
790 1719 1066 1785 subaudiendum.
1115 1720 1192 1790 Ηοο

82 1807 143 1891 qui
162 1803 327 1883 suspicari
345 1801 452 1880 volet,
480 1807 616 1889 legetis
637 1806 798 1882 fortasse,
827 1813 951 1889 φρονεῖν
963 1810 1109 1887 βροτοῖς,
1128 1830 1191 1888 με·
1239 1868 1243 1874 ,

81 1892 191 1974 τίγνω.
213 1900 312 1970 atque
329 1884 420 1951 huno
431 1892 465 1950 in
484 1889 621 1951 modum
638 1892 735 1953 verba
752 1890 939 1953 ordinabit:
963 1891 1025 1951 ἐπεὶ
1039 1891 1073 1954 δὲ
1087 1889 1140 1954 ίδο
1152 1890 1190 1955 τδ

83 1980 142 2059 τῆς
152 1972 185 2038 τί.
200 1977 229 2039 λ.
243 1972 342 2035 πνέων
356 1994 390 2054 φ.
411 1997 459 2055 τρ.
476 1974 505 2035 δ.
521 1972 552 2036 ἄ.
569 1970 689 2057 ἀνίερόν
703 1998 752 2052 τε,
773 1973 850 2038 ὅθεν
864 1971 899 2038 τό
914 1972 1093 2054 πάντολμον
1108 1998 1195 2060 φρο-

83 2070 146 2127 νεῖν
164 2066 233 2133 τοῖς
249 2063 377 2140 βροτοῖς
395 2054 560 2139 (θρασύνει
572 2059 632 2142 γὰρ
652 2084 684 2123 π.
706 2062 767 2141 αἰχ.
789 2063 858 2122 rui.
876 2055 1111 2141 πρωτοπήμων)
1132 2083 1193 2140 με·

78 2144 182 2231 ,τίγῖω
197 2141 282 2223 (μέν)
297 2139 370 2205 ἔτλα
385 2140 418 2204 δ’
435 2134 500 2207 οὖν.
545 2142 602 2206 Sic
615 2143 749 2227 μετέγνω
761 2146 856 2226 quasi
876 2140 1064 2206 illustrabit
1075 2156 1133 2207 tro
1157 2147 1194 2207 i-

86 2250 164 2297 oum
178 2224 262 2291 iliud
274 2226 373 2290 πνίων
392 2228 545 2310 τροπαίαν
559 2222 680 2312 φρενός.
710 2227 831 2295 Utrum
847 2239 957 2290 autem
974 2248 1105 2313 cunque
1119 2164 1193 2292 ele-

85 2318 176 2403 gerit
194 2314 378 2397 quispiam,
411 2317 538 2395 βροτοῖς
560 2324 650 2376 certe
671 2317 794 2377 mutari
814 2318 850 2375 in
874 2308 1009 2393 βροτούς
1021 2312 1069 2375 nii
1085 2309 1193 2379 fuerit

86 2416 174 2487 opus
183 2446 194 2477 ,
224 2397 325 2458 modo
341 2407 483 2480 φρονεῖν,
510 2407 548 2460 ut
562 2396 724 2476 fecimus,
750 2409 903 2461 sumatur
917 2397 984 2461 cirri
1001 2405 1057 2462 τοῦ
1069 2395 1193 2482 φρόνη-

85 2509 142 2571 μα.
191 2478 313 2566 τίνίερόν
331 2479 363 2544 δ’
385 2480 461 2547 ὅθεν
483 2502 548 2568 pro
568 2481 664 2549 τόθεν
689 2481 791 2547 habet
808 2482 974 2559 Turneb,
995 2486 1030 2545 in
1052 2482 1191 2566 reliquis

84 2569 134 2635 nil
154 2578 274 2644 novat,
302 2568 368 2629 nisi
391 2564 576 2648 πάντολμον.
629 2568 771 2643 Sensus,
799 2570 974 2632 obtinente
994 2565 1193 2653 vulgataie-

87 2658 220 2728 ctione,
249 2649 316 2713 huc
334 2651 553 2715 redundabit:
583 2666 753 2738 postquam
773 2666 877 2715 autem
901 2660 1112 2715 necessitatem
1130 2656 1194 2717 sibi

85 2748 168 2807 mitit
182 2743 372 2822 impositum,
392 2744 518 2820 spirans
533 2745 645 2800 mentis
658 2749 784 2800 ventum
798 2745 992 2801 eontrarium
1001 2741 1195 2824 ,mquod

102 2824 698 2985 sisteris·nuru
718 2826 1195 2969 unser

89 2998 151 3059 tilii
167 2976 395 3074 αδὲεπετιεφνις
423 2996 636 3063 nihilomiuus,
663 2928 736 3050 imp
749 2994 872 3051 uamvis
888 2928 1064 3070 relueilms,
1091 2996 1196 3054 susti-

90 3084 160 3145 nuit
171 3088 314 3140 memore
322 3075 435 3156 filiam.
455 3074 630 3159 Euripidis
643 3071 717 3136 loca
726 3012 793 3134 guo
805 3091 890 3156 quae
902 3074 1089 3159 respiciunt
1096 3071 1194 3161 plura

91 3172 189 3239 eunt,
222 3178 321 3241 quarn
335 3178 419 3242 quae
434 3161 678 3223 transscribere
691 3156 803 3221 liceat.
861 3156 936 3220 Vid.
950 3157 992 3220 ad
1004 3176 1053 3223 vs.
1067 3162 1141 3223 214.
1159 3170 1195 3224 et

84 3264 184 3331 seqq.
198 3243 272 3331 lpbi
297 3240 334 3330 ,ΙΙ
348 3242 423 3307 Aul.
438 3263 486 3308 vs.
507 3246 598 3306 1257.
617 3262 708 3327 seqq.
733 3253 767 3305 et
785 3240 884 3306 1519.
898 3250 974 3305 etun
996 3244 1194 3327 quibusdam
1203 3264 1256 3320 ρος

91 3332 177 3397 tilis.
232 3328 264 3393 A
307 3330 406 3391 verba
428 3346 476 3392 vs.
491 3332 565 3392 200.
590 3347 679 3411 seqq.
705 3326 811 3413 lphig.
837 3325 937 3389 Taur.
956 3346 1004 3392 vs,
1025 3332 1077 3393 20.
1100 3348 1194 3414 seqq.

89 3412 147 3481 Vs.
163 3412 239 3477 225.
265 3423 300 3477 et
320 3416 392 3476 226.
417 3411 523 3497 iphig.
547 3408 659 3479 Aulid.
675 3430 722 3478 rs.
737 3412 929 3475 sos-370.
952 3422 987 3476 et
1007 3414 1080 3478 888.
1103 3433 1196 3499 seqq.

81 3518 154 3567 beo
173 3517 243 3563 uon
267 3515 315 3564 vs.
328 3498 519 3562 tao-445.
570 3496 749 3560 Videbitur
767 3497 821 3559 oui
837 3495 998 3561 Horatius
1018 3516 1100 3563 suos
1116 3496 1197 3563 hino

86 3580 213 3651 hortos
228 3580 352 3646 iecisse
365 3585 527 3666 irriguos,
557 3593 656 3666 atque
671 3578 789 3645 exilio
800 3579 900 3644 πνίειν
920 3580 1033 3665 φρενδς
1044 3583 1197 3670 τροπαίαν

110 3666 291 3735 rocudisse
310 3680 481 3730 retrorsum
501 3672 683 3745 doreseta,
712 3668 808 3750 atque
827 3674 939 3729 iterare
953 3672 1199 3732 cursus'reliotos

82 3690 149 3821 Bb.
168 3754 195 3816 l.
217 3749 284 3816 Oti.
298 3751 346 3814 84.
370 3750 412 3833 [v.
427 3754 492 3834 3.],
525 3748 696 3833 ereliquis
718 3756 834 3813 audax
854 3756 958 3813 omnia
987 3758 1106 3832 perpeti
1122 3776 1199 3833 gens

82 3846 231 3905 humone
252 3844 317 3898 ruit
328 3859 385 3918 per
399 3844 528 3900 uetitum
543 3834 650 3915 nefor,
679 3833 770 3917 quod
791 3834 935 3897 habetur
949 3832 1083 3898 Od·lll.
1100 3835 1139 3918 [l,
1157 3837 1200 3920 8.]

82 3944 137 3993 vs.
156 3922 226 3997 25,
254 3933 325 3982 turn
361 3916 445 3982 illud
473 3942 522 3986 vs.
545 3922 596 3983 37.
631 3925 676 3983 nil
711 3922 896 3981 mortalibus
921 3920 1057 3980 arduum
1083 3926 1200 3985 coelum

83 4018 97 4073 i
139 4030 196 4071 um
216 4011 351 4090 petimus
372 4012 525 4069 stultitia:
560 4008 626 4080 ita,
656 4008 812 4084 inquam,
848 4004 905 4084 qui
931 4012 1073 4079 statuet,
1114 4006 1204 4091 ἐγγὺς

75 4104 80 4113 “
102 4100 205 4165 κεῖνος
226 4094 290 4153 τῶν
313 4088 397 4168 ε’μιῦν
419 4088 575 4172 καμψεται
596 4096 725 4173 φρενῶν.
772 4086 904 4168 Νηρέως
923 4080 1087 4167 ἀγάλματα
1117 4093 1206 4154 dixit

85 4174 273 4261 Euripides
303 4171 431 4281 [iphig.
455 4175 506 4239 Τ.
523 4174 620 4257 its]
650 4172 769 4236 eodem
796 4190 864 4252 quo
884 4183 1002 4233 noster
1025 4190 1127 4237 sensu
1154 4194 1204 4256 rs.

84 4262 176 4410 216¹}
192 4256 304 4407 'do'ppur
332 4262 468 4343 αγολμα.
528 4256 598 4323 Pro
615 4258 865 4343 γυναικοποίνων
874 4255 1038 4403 ΙΞτολίμων
1064 4275 1113 4323 νε.
1133 4260 1206 4323 284.

171 4368 213 4409 0·
261 4387 269 4406 ⁸
442 4374 447 4381 .
1142 4404 1145 4411 Ι
1176 4366 1184 4378 .
