2626 4792
341 196 410 270 AD
435 196 637 275 SEPTEM
663 199 703 276 C.
725 196 933 278 roseis,
1142 202 1195 279 19
1295 226 1303 239 ·

81 390 162 461 pecc
184 374 342 458 ipsorum
362 368 490 437 dictum
513 370 634 447 velim,
656 393 720 437 nec
742 372 920 437 verborum
936 375 1002 439 vim
1020 393 1084 438 nec
1098 383 1193 440 stru-

82 470 198 523 cturae
227 458 402 519 rationem
431 459 513 521 eatis
541 459 698 522 videntur
727 462 884 523 assecuti.
944 458 1127 525 Videamus
1149 460 1193 525 de

84 540 238 629 singulis:
258 544 295 603 in
316 537 349 605 ‘ir
370 540 405 604 δὲ
426 561 546 605 eorum
566 561 691 625 sequor
713 545 931 622 sententiam,
953 547 1011 626 qui
1032 555 1193 631 repetunt

85 636 126 693 ek
145 643 251 691 versu
271 628 431 711 proximo
451 630 607 709 λογίζομαι
629 628 845 710 κατειληφέναι
852 656 864 710 ,·
888 630 1061 710 namquid
1079 629 1192 694 elon-

87 716 208 801 ginquo
232 728 404 773 arcessere
422 732 531 800 opus,
552 713 611 775 ubi
633 732 715 796 prae
729 714 884 781 manibus
896 715 1009 795 adest,
1031 733 1100 797 quo
1113 726 1192 779 uta·

87 795 151 863 ris?
173 813 295 860 sensus
313 806 380 858 est:
403 810 529 859 tontum
550 803 657 860 uideor
678 804 752 858 mitt
773 811 965 861 consecutus.
1010 798 1192 880 Sequentia

90 886 190 949 tieem
211 891 334 962 gerunt
358 884 514 945 nominis.
549 878 812 960 Ἐαεκτεινόμενος
826 880 914 945 velet
928 889 1112 963 protendens
1134 908 1193 960 me,
1283 918 1287 925 ·

89 981 121 1032 ut
140 967 472 1050 verbum-exponunt
493 963 625 1049 glossae
642 978 789 1048 veteres3
810 985 998 1050 quanquam
1014 966 1105 1030 inira
1117 990 1193 1032 em-

90 1051 202 1139 phasin
226 1053 318 1113 vocis
343 1049 493 1116 Graecae
517 1053 696 1128 subsistat,
722 1051 886 1134 adquam
910 1057 1051 1138 propius
1073 1072 1192 1115 acces-

92 1140 165 1203 urit
176 1143 381 1218 exporrigens
399 1159 457 1197 me.
500 1134 640 1220 Longus
656 1135 714 1199 lib.
729 1134 769 1197 ll.
786 1137 883 1221 ρ153.
903 1138 950 1221 [p.
967 1141 1083 1211 61,16.
1100 1134 1193 1221 Viti]

92 1221 144 1287 elia
165 1222 320 1305 quamvis
340 1222 375 1282 in
399 1239 454 1299 re,
476 1218 575 1302 ἄκρας
591 1218 836 1304 ίαεμβαινοίσης
856 1227 901 1307 τῷ
918 1218 1038 1306 πελάγει
1057 1218 1193 1302 λαβόμε·

91 1332 134 1385 νος
154 1305 404 1386 ίαεκτεινομίνης
422 1307 602 1388 μηνοειδοῦς.
656 1306 744 1371 Tum
766 1305 847 1370 κατὰ
869 1307 987 1372 σκοπὸν
1012 1319 1105 1370 recte
1125 1328 1193 1371 ex-

108 1392 184 1457 licat
204 1392 294 1453 Beza
316 1387 442 1472 aliique
464 1413 593 1474 scopum
615 1413 739 1464 versus,
769 1403 803 1455 et
824 1389 926 1456 ιλιώκω
950 1415 1065 1471 crure,
1085 1390 1192 1471 feror.

90 1414 236 1545 itudem
258 1475 295 1539 τὸ
318 1479 467 1557 βραβεῖον
488 1479 542 1559 τῆς
562 1474 627 1540 ἄνω
647 1473 783 1558 κλήσεως
804 1479 860 1541 roi
877 1483 956 1543 0εοῦ
969 1478 1055 1541 bene
1068 1478 1194 1560 accipit

88 1564 231 1649 zegerus
252 1579 318 1646 pro
340 1558 390 1645 ἐφ’
413 1557 489 1641 «ipre
510 1556 632 1625 καλεῖὄ
655 1559 721 1625 ἄνω
744 1559 828 1636 θεός.
870 1561 1012 1637 Bezam,
1040 1563 1097 1645 qui
1118 1563 1193 1647 pri·

88 1666 155 1713 nus
177 1646 274 1729 quod
297 1648 401 1707 sciam
420 1642 523 1709 διώκω
545 1646 625 1710 κατὰ
656 1645 773 1710 σκοπὸν
793 1638 944 1710 reddidit
965 1669 1095 1730 scopum
1116 1669 1194 1709 ver·

87 1742 133 1799 ur
143 1732 262 1813 feror,
290 1733 398 1793 secut-i
422 1728 497 1808 alii,
524 1752 625 1803 nemo
647 1727 828 1794 firmandae
851 1729 1070 1815 explicationi
1091 1729 1194 1815 quid·
1217 1780 1221 1789 .

85 1836 179 1905 quam
203 1812 319 1878 attulit
338 1826 475 1902 praeter
495 1815 790 1901 diligentissimum
807 1816 856 1879 lia
882 1814 1027 1893 heliam,
1048 1819 1105 1898 qui
1119 1835 1193 1877 eam

84 1903 301 1969 corroborari
323 1899 433 1963 credit
457 1920 501 1963 ex
522 1899 588 1964 hoc
603 1900 769 1963 Herodoti
789 1898 847 1964 lib,
901 1904 1040 1965 .c.102.
1062 1898 1195 1964 ἕπεσθαι

81 1988 159 2057 turri
182 1986 310 2065 στίβον,
331 1984 422 2067 quod
446 1996 478 2047 et
501 1989 608 2069 ¹visum
632 1981 673 2048 cl.
696 1982 825 2047 Woifio
847 1986 885 2046 in
906 1982 985 2050 Cur.
999 1980 1124 2047 Philol:
1154 1985 1193 2047 ln

82 2082 147 2159 iseo
171 2073 256 2138 viris
279 2070 420 2134 eruditis
443 2069 533 2133 haud
551 2089 696 2155 possum
717 2070 898 2147 adsentiri,
920 2068 1018 2133 aliter
1040 2069 1140 2132 nobis
1163 2071 1192 2131 si

78 2158 235 2225 indicere
258 2152 412 2243 lisseerat,
448 2155 647 2218 adderemus
671 2176 716 2218 ex
738 2153 857 2237 eodem
880 2153 1058 2218 Herodoto
1076 2149 1134 2217 lib.
1151 2148 1234 2215 V.8³

77 2266 106 2309 σ.
126 2244 185 2309 98.
217 2244 298 2306 κατὰ
324 2237 425 2316 πόδας
452 2235 601 2322 ἐληλύθεε
621 2240 770 2322 Περσίαν
791 2240 888 2314 innoc
911 2239 1013 2322 ’πολλὴ
1036 2236 1194 2302 διώκουσα

75 2326 322 2405 τοὺς-Παίονος,
345 2320 388 2400 ώς
409 2325 444 2389 δὲ
465 2324 502 2388 οὐ
515 2325 795 2407 κατέλαβεν-ωε
816 2321 929 2387 locum
943 2329 1115 2410 integrum
1129 2324 1194 2385 ad-

75 2433 192 2501 porto,
214 2420 252 2474 ut
272 2412 411 2490 addant,
435 2410 556 2494 quibus
580 2408 691 2490 lubet,
718 2407 903 2493 exemplis,
932 2414 968 2472 in
992 2409 1134 2493 quihus,
1155 2418 1193 2470 ut

76 2496 174 2593 apud
196 2494 398 2582 Apostolum
424 2514 470 2560 VS.
486 2500 538 2560 12·
559 2494 679 2561 διώκειν
698 2507 731 2559 et
744 2488 993 2576 καταλαμβάνειν
1008 2499 1120 2557 iuncta
1135 2513 1194 2556 re-

75 2586 279 2673 periuntur,
314 2584 414 2646 sicuti
442 2581 558 2664 τρέχειν
584 2592 618 2644 et
646 2578 896 2661 καταλαμβάνειν
926 2580 948 2643 Ι.
971 2579 1013 2645 ad
1036 2577 1192 2644 Corinth.

79 2668 181 2737 ΗΧ.
204 2686 252 2732 vs.
271 2667 323 2731 24.
362 2666 455 2729 ldem
478 2666 603 2730 Herod.
627 2664 685 2729 lib.
700 2666 756 2729 lx.
779 2687 808 2727 c.
824 2669 875 2729 59.
897 2657 952 2749 ἦγε
971 2663 1045 2740 τοὺς
1065 2663 1195 2747 Πίρσας

79 2778 169 2805 ·-··-
188 2750 271 2817 κατὰ
292 2752 400 2831 στίβον
420 2757 484 2816 τών
500 2747 665 2832 Ἑλλήνων.
710 2748 882 2837 Lycophr.
904 2770 950 2815 vs
971 2753 1062 2813 1119.
1086 2746 1193 2814 θεώσιν

80 2836 154 2905 m'
170 2836 264 2923 ἴχνος.
305 2834 847 2925 Pind.1>yth.ort1v.vs.439.
879 2835 973 2919 [247.
995 2832 1103 2918 Bith]
1131 2844 1194 2899 νεῖ-

75 2928 163 2991 ’110111
182 2921 250 2988 κατ’
273 2919 443 3002 ἀμαξιτὸν,
479 2942 500 2985 o
527 2924 637 3006 posite
657 2921 700 2982 ad
723 2916 811 2998 οἶμον
834 2919 923 3000 ἴσαμι
952 2915 1088 3000 βραχίνε
1124 2919 1192 2985 vid.

85 3010 132 3071 ibi
146 3004 262 3073 Schol.
277 3008 416 3090 Longus
431 2943 528 3069 lidi.
544 3027 574 3090 p.
584 3010 612 3067 8.
629 3006 676 3093 [p.
686 3009 717 3079 3,
732 3008 778 3068 17.
805 3002 896 3088 0111]
912 3015 945 3067 et
962 3008 1008 3067 10.
1024 3005 1071 3090 [p.
1082 3008 1133 3082 11,
1146 3004 1192 3088 8.]

86 3092 213 3159 ἕπεσθαι
236 3101 270 3156 et
291 3089 438 3177 ἔρχεσθαι
456 3090 523 3154 κατ’
546 3091 644 3171 tiene,
666 3102 703 3152 ut
724 3090 841 3170 βαίνειν
861 3087 1030 3154 Aristides
1053 3089 1150 3154 Tom
1166 3088 1193 3157 i.

88 3196 118 3267 p
132 3182 202 3243 120.
223 3177 347 3259 aliique
369 3175 494 3262 plures.
537 3177 638 3257 Quin.
654 3165 772 3240 διώκειν
788 3172 854 3239 κατ’
871 3173 954 3257 ἴχνος
965 3193 1082 3238 rursus
1096 3174 1194 3245 Lon-

129 3261 218 3329 elib.
229 3262 286 3325 ΙΙΙ.
295 3284 329 3349 p.
338 3266 387 3328 73.
399 3263 446 3348 [p.
459 3265 511 3340 70,
526 3262 593 3344 21]
628 3261 695 3325 Sed
710 3274 789 3326 sunt
803 3264 868 3325 ista
882 3262 996 3324 omnia
1012 3257 1131 3340 aliena,
1153 3271 1193 3325 ut

81 3282 128 3423 Β
137 3350 262 3433 quibus
284 3344 364 3412 κατά
383 3349 474 3409 idem
496 3345 760 3432 propemodum,
798 3344 889 3427 quod
912 3340 992 3428 πρός
1009 3347 1047 3407 iu
1068 3341 1191 3411 Aesch.

85 3418 182 3499 Hom.
203 3426 251 3498 ¹vs.
265 3435 339 3496 246.
372 3432 673 3514 τετραυματισμένον
702 3427 746 3506 ώς
771 3427 854 3495 κύων
873 3430 986 3517 νεβρὸν
1011 3427 1092 3514 πρὸς
1112 3426 1191 3510 αἷμα

91 3520 136 3585 ad
153 3516 335 3603 σταλαγμὸν
355 3514 592 3599 ε’κμαστεώομεν.
650 3516 769 3581 Dicam
796 3519 948 3603 apertius
967 3514 1101 3585 ἔσεσθαι
1120 3510 1188 3585 κατ’
1291 3596 1294 3600 .

91 3598 167 3687 ἴχνος
186 3616 221 3669 et
242 3604 351 3711 στίβρν
373 3615 436 3666 etc.
463 3612 560 3666 notat
580 3608 711 3685 uestigia
737 3609 897 3710 persequi,
931 3608 1071 3701 insistere
1090 3605 1190 3665 vestr·-

90 3687 438 3853 diuisisti?
457 3685 807 3857 ’ζ’ἕλιὲλζῗέῗιέλῖ
822 3687 993 3857 titii?
1015 3680 1190 3832 iiiiii

91 3862 199 3945 nequit
217 3861 254 3921 in
276 3880 389 3944 scopo,
413 3795 577 3941 adquem
600 3854 717 3920 oculos
739 3856 920 3921 intendens
941 3791 1082 3940 gradum
1103 3851 1190 3916 diri·
1214 3882 1217 3891 »
1269 3906 1271 3910 .

92 3944 208 4093 Heium
228 3942 271 4006 ad
292 3946 433 4023 urbem,
462 3953 520 4006 aut
542 3939 670 4020 simile;
699 3941 790 4005 uude
811 3937 893 4005 κατά
910 3942 945 4001 iu
968 3935 1047 4002 κατὰ
1070 3934 1188 4013 σκοπόν

189 4026 373 4115 significat,
395 4029 487 4112 quod
509 4023 603 4108 πρός,
625 4025 690 4091 alia
712 4028 870 4107 notione,
890 4041 990 4108 quam
1011 4026 1047 4085 iu
1070 4044 1189 4087 exem·

84 4106 142 4263 m>
160 4117 266 4178 modo
287 4114 473 4200 producto,
497 4132 620 4197 nempe
641 4117 686 4176 od
706 4114 729 4175 i.
743 4134 772 4175 e.
785 4132 912 4185 versus,
936 4106 1108 4191 quomodo
1123 4108 1188 4170 ad-

140 4201 191 4263 uit
212 4197 338 4263 Herod.
359 4196 503 4263 tib.vt1.
524 4218 555 4260 c.
572 4200 641 4262 182.
678 4196 759 4261 κατὰ
783 4194 959 4276 Θεσσαλίην
990 4189 1190 4277 πορευόμενοι

91 4274 312 4373 ίιοΙιαίσθησαν
325 4286 358 4361 ἐς
368 4279 585 4367 vicissima
626 4280 782 4368 Xenoph.
799 4279 924 4363 Ephes
940 4279 998 4344 iib.
1012 4278 1069 4341 111.
1078 4300 1116 4429 p.
1135 4278 1230 4341 ossi.

92 4360 129 4446 [s.
145 4372 194 4435 12.
216 4375 316 4455 pffi,
334 4372 381 4435 10.
403 4369 502 4454 boo]
530 4370 628 4443 πλοῦς
647 4365 716 4435 κατ’
737 4363 985 4446 Ἀλεξάνδρειαν,
1021 4374 1056 4427 et

124 4454 254 4519 Vae-11.
866 4449 898 4514 D
1109 4381 1185 4449 ⁰1¹5·
