2618 4792
455 182 524 259 An
549 182 903 305 cnonnnortoe
1047 124 1051 131 ’
1151 192 1232 269 err

111 357 292 425 cedentem
306 376 443 427 versum
455 358 498 422 eb
516 358 650 427 Electra
670 358 790 425 itidem
805 356 977 449 prolatum
993 375 1109 429 censet
1124 365 1229 430 Stenl.

111 464 182 509 nec
199 449 244 508 ita
267 447 369 509 statui
389 444 571 530 quidquam
596 456 701 527 vetat3
740 460 887 531 possunt
907 461 1019 514 tamen
1047 450 1229 514 commodo

112 546 219 613 eensu
240 532 340 593 etiam
358 527 465 595 choro
484 532 608 607 tribui,
635 544 668 594 et
687 551 800 595 sermo
816 532 951 597 Electra
975 535 1228 621 interloquente

113 616 381 764 teszagruptus.
427 618 486 682 Vs.
505 608 574 680 120.
596 621 682 681 θεῶν
705 612 799 702 πάρα
811 618 942 685 videtur
957 623 1138 709 antiptosis
1160 639 1227 707 pro

112 722 179 783 παρ
247 708 317 778 εοῖς.
440 708 444 719 “

205 816 259 881 Vs.
279 816 347 881 125.
380 810 548 905 Πατρορων
562 815 591 881 ‹l'
604 813 757 898 ὀμμάτων
774 815 968 894 ἐπισκόπους.
991 818 1007 907 Η
1036 818 1133 883 Haud
1148 816 1287 885 cre-414

114 900 193 965 dam
213 900 448 967 doctissimum
471 903 694 967 Arnaudtium
715 901 810 966 Leot.
826 902 947 970 Graec.
964 927 994 969 c.
1010 904 1132 970 xvltt.
1148 901 1228 971 οάά-

113 1008 179 1057 των
192 988 422 1072 repositurum
437 989 561 1065 luisse,
589 990 648 1053 ubi
662 985 769 1051 Stanl.
783 1001 882 1053 notas
896 988 1144 1065 consuluisset,
1169 992 1227 1073 qui

81 1070 88 1133 ‚⁸
113 1071 306 1141 roteland
328 1073 430 1138 dubie
451 1075 538 1141 vidit
558 1068 623 1158 leg.
642 1069 807 1153 δωμάτων.
862 1073 920 1139 sic
936 1077 1062 1139 iterum
1082 1073 1225 1138 Eumen.

81 1164 88 1209 ν’
110 1174 162 1223 ts.
174 1155 253 1220 743.
275 1155 378 1242 ἄνδρα
397 1154 552 1239 δωμάτων
573 1160 750 1223 ἐπίσκοπον.
799 1157 837 1221 ln
854 1158 968 1225 Schol.
988 1156 1066 1245 lego
1089 1165 1145 1223 νῦν
1165 1159 1227 1243 γάρ

81 1243 88 1281 ¹
110 1240 294 1319 ἐπίσκοποι,
317 1246 568 1326 Agamemnone
583 1247 720 1330 quippe,
742 1245 799 1327 qui
814 1241 926 1308 fuerat
937 1246 1122 1321 ἐπίσκοπος,
1145 1246 1227 1307 orba

81 1322 231 1397 itlsomo.
295 1326 383 1391 Mox
401 1347 449 1395 vs.
466 1333 624 1404 129.,αο1ς
645 1340 744 1394 notes
769 1348 835 1415 pro
854 1327 941 1408 ὅπως
964 1343 1014 1406 ut,
1049 1348 1093 1394 ex
1112 1328 1229 1393 mente
1292 1394 1295 1399 ,

110 1406 251 1488 schol„
273 1413 527 1501 etinterpretis.

199 1564 260 1631 Vs.
275 1569 345 1635 188,
384 1580 466 1659 ,αὐτῇ
483 1584 515 1639 τέ
528 1601 581 1655 μοι
598 1580 649 1646 δὸς
665 1546 898 1662 σωφρονεστέραν
917 1582 989 1643 nolti
1065 1646 1068 1651 ,

388 1670 504 1746 Μητρὸς
521 1674 655 1745 γενέσθαι
671 1702 741 1717 --
758 1704 845 1730 —-.

108 1782 211 1855 Atr‘
223 1786 259 1853 τί
267 1814 322 1871 μοι
334 1792 453 1855 tmesis
468 1801 531 1869 est,
551 1809 615 1876 pro
631 1790 761 1873 ἐμαυτῇ.
791 1789 828 1851 ln
844 1786 1015 1874 Agame
1033 1790 1123 1851 1332.
1140 1791 1228 1869 θρῆ·

81 1892 93 1917 ⁸
108 1812 264 1953 νονάμὸν
276 1873 334 1940 τὸν
345 1871 455 1960 aelric,
477 1877 539 1940 sed
556 1878 651 1940 euius
666 1875 769 1961 poulo
784 1873 848 1937 alia
862 1876 959 1936 ratio.
989 1869 1081 1935 infra
1095 1872 1227 1938 vs.274.
1294 1894 1298 1901 ·

108 1954 214 2022 αὐτόν
224 1984 271 2039 με.
316 1957 499 2027 Geminum
516 1971 569 2024 est
584 1959 711 2023 Herod.
726 1957 786 2023 lib.
802 1959 829 2023 l.
851 1980 879 2022 ο.
896 1962 965 2022 109.
985 1955 1071 2041 αὑτῷ
1084 1982 1139 2037 μοι
1150 1979 1228 2039 συγ-

88 2039 206 2129 ·’γενής
219 2040 312 2110 torui
327 2055 408 2121 παῖς.
437 2045 483 2108 Et
497 2048 546 2110 sic
561 2043 659 2110 αὐτοῦ
672 2051 730 2110 σοῦ
745 2064 808 2129 pro
822 2049 954 2109 σεαυτοῦ
969 2047 1002 2104 in
1017 2043 1109 2127 Sept.
1118 2040 1228 2105 Theb.

110 2146 164 2191 vs.
180 2132 252 2192 658.
274 2140 308 2194 et
320 2130 401 2195 Luc.
420 2152 450 2195 c.
465 2130 506 2195 ll.
523 2151 644 2195 comm.
660 2130 711 2195 35.
735 2132 785 2193 καὶ
805 2135 862 2193 σσῦ
882 2129 917 2192 δὲ
938 2126 1033 2211 αὐτῆς
1049 2126 1108 2207 τὴν
1120 2124 1227 2209 ψυχὴν

109 2211 299 2279 διελεύσεται
322 2213 475 2301 ῥομφαία.
519 2216 579 2281 Vs.
600 2216 670 2279 184.
692 2211 875 2295 ὖιιερκόιιως
894 2216 995 2276 metri
1011 2230 1110 2276 causa
1126 2215 1230 2296 poni⁴

108 2308 174 2361 tur
187 2320 251 2384 pro
266 2295 479 2383 άπερκόμντως.
503 2300 593 2365 conf.
610 2296 716 2386 Soph.
729 2299 821 2364 Δίου.
837 2316 887 2366 νε.
901 2301 972 2364 127.
1017 2299 1074 2363 Vs.
1091 2298 1162 2362 140.
1177 2295 1230 2362 tl*

109 2406 175 2465 νην
191 2383 281 2450 valet
296 2381 412 2468 ὁμοίως
426 2385 492 2454 vid.
509 2385 658 2474 Hesych.
1086 2384 1090 2393 '

117 2602 120 2607 .
202 2526 350 2596 VS·149·
391 2547 507 2603 Παιᾶνα
526 2547 578 2604 τοῦ
596 2541 736 2608 θανόντος
751 2543 956 2619 ἐξαυδωμένας.

97 2658 169 2723 ·Do
183 2663 302 2744 quovis
322 2659 450 2749 hymno
463 2663 560 2730 παιάν
578 2670 698 2745 etiam,
726 2669 785 2751 qui
799 2665 852 2729 dis
865 2664 986 2731 inferis
1001 2660 1230 2743 accinebant,

82 2752 157 2855 ¹*sert
168 2755 266 2810 notat
281 2743 396 2812 Sohol.
414 2769 458 2814 ex
470 2751 588 2839 Eurip.
607 2749 734 2816 Alcest.
751 2771 799 2817 vs.
816 2751 891 2816 424.
1097 2768 1100 2775 ·

281 2872 294 2941 ΙΙ
304 2903 376 2917 --
390 2874 518 2947 ἐκφορὰν
535 2874 590 2948 γάρ
609 2876 694 2930 τοῦδε
710 2873 837 2946 θήσομαι
853 2874 963 2947 νεκροῦ,
1065 2894 1068 2899 ·
1236 2882 1287 2940 415

270 2950 412 3029 Πάριστε·
438 2960 486 3013 καὶ
502 2961 634 3031 μένοντες
650 2952 822 3028 &ermom

270 3041 385 3095 Παιᾶνα
402 3042 440 3113 τῷ
457 3038 586 3097 κάτωθεν
601 3034 736 3109 ἀσαάνάῳ
754 3042 821 3108 θεῷ.

116 3152 215 3219 Idem
235 3153 361 3221 Troad.
379 3178 426 3225 vs.
444 3163 514 3224 126.
542 3156 646 3224 αὐλῶν
665 3160 771 3220 παιᾶνι
791 3158 931 3241 στυγνῷ,
960 3172 1027 3237 pro
1050 3158 1232 3242 θρηνητινῷ
1284 3208 1287 3213 .

115 3240 207 3326 {lump
223 3240 393 3329 Hesych'lo
407 3248 594 3331 interprete
609 3254 643 3306 et
657 3262 704 3307 VS.
718 3243 792 3304 578.
812 3243 847 3305 τί
863 3238 966 3303 παιᾶν’
982 3239 1058 3319 ἐμὸν
1072 3238 1233 3319 στενάζεις,

116 3324 293 3411 quomodo
308 3336 442 3404 παιᾶνος
456 3342 489 3395 et
505 3325 701 3409 στινάγματα
713 3322 1080 3411 iunxisseSOphoclem
1093 3325 1151 3387 hio
1162 3345 1232 3387 no-

115 3421 170 3475 tat
185 3410 291 3474 stant.
335 3411 434 3480 Conl.
449 3415 565 3502 Cnper
580 3413 758 3479 Observet.
771 3408 829 3474 lib.
845 3410 871 3474 l.
887 3432 915 3474 ο.
935 3416 962 3475 1.
977 3413 1029 3473 cui
1043 3407 1158 3474 Sobel.
1172 3428 1233 3473 re-

117 3493 347 3583 prehendenti
374 3520 442 3564 non
465 3499 609 3576 accedo,
643 3499 761 3581 eequis
782 3500 872 3560 enim
893 3492 1008 3559 credat
1028 3516 1104 3559 eum
1125 3492 1232 3557 fnisse

81 3632 84 3643 .
118 3580 376 3663 damnaturum,
405 3586 497 3671 quorl
517 3590 590 3671 ipse
610 3582 691 3646 Euri
718 3582 784 3647 idis
804 3580 963 3666 exemplo
984 3576 1135 3643 stabilit?
1170 3577 1232 3643 sed

81 3660 83 3725 ἶ
116 3668 286 3754 seriptum
305 3666 412 3737 fuisse
435 3675 596 3737 existimo
623 3674 735 3742 ναθως
757 3668 809 3733 καὶ
835 3664 1014 3754 Εὐριπίδης.
1068 3658 1233 3749 Ἐριννύων

117 3758 241 3819 παιᾶνα
254 3750 397 3840 legimus
409 3761 446 3823 in
459 3755 576 3846 Agant.
591 3773 639 3824 vt.
651 3754 726 3819 654.
