2618 4792
419 218 513 293 AD
569 217 895 297 PERSAS.
1149 214 1201 292 95

147 402 180 471 t,
209 396 342 472 navigia
356 396 502 477 portibus
523 414 556 458 se
580 400 721 467 curuatis
746 398 927 471 insinuant·
961 410 1028 455 nec
1049 400 1116 454 tum
1136 393 1200 455 cito

111 490 231 539 ruirem
247 476 393 553 defecisse
404 484 567 541 verisimile
578 484 644 541 erit.
673 477 748 540 vid.
763 480 896 561 quaein
912 443 1000 539 lianc
1015 494 1086 538 tem
1100 472 1200 559 plur!

93 572 179 625 noto
199 560 287 623 adA
313 579 374 622 arn.
395 579 442 624 vs.
461 564 532 626 650.
580 558 747 637 Geminus
767 574 915 625 ceterum
938 558 1019 622 huic
1038 554 1200 645 Aeschyli

94 640 191 709 locus
212 654 264 709 est
287 580 453 709 ἑὸν-011011
470 645 530 709 lib.
550 645 627 710 Vll.
650 668 679 711 ο.
695 649 747 714 47.
773 645 919 733 δείματός
944 647 1003 724 ελμν
1027 638 1200 718 ὑπόπλεως,

96 728 159 795 οὔδ’
173 730 263 805 ἔντος
276 729 427 809 λμαϋτοῦ.
472 729 535 792 Hic
550 731 645 810 vides
659 731 747 807 ἐντός
757 735 920 819 praeponi
935 730 1094 813 genitivo,
1109 746 1201 808 quo-

95 814 198 877 modo
217 819 338 877 usitate
359 814 443 879 haec
464 815 598 900 phrasis
620 814 739 881 efferri
754 814 860 897 solet3
887 827 925 878 ut
947 815 1099 897 suspicer
1113 809 1199 872 adeo

98 896 204 961 ethic
223 897 366 965 similem
387 897 540 965 voculam
560 898 682 977 latere;
713 920 782 964 non
803 901 894 982 quod
914 903 1066 985 ignorem
1087 892 1200 959 ἑαυτοῦ

95 978 169 1047 εἶναι
181 982 264 1047 saiis
278 984 414 1049 obvium
430 1004 493 1070 pro
506 980 619 1049 ἑαυτοῦ
633 981 737 1071 κύριον
756 983 831 1050 εἶναι
846 990 898 1049 sui
914 990 993 1047 iuris
1007 1004 1084 1054 esse,
1106 978 1199 1064 quod
1281 988 1288 1015 ¹

94 1070 185 1133 serbi
196 1088 339 1153 quoque
354 1064 492 1157 supplet'
505 1068 637 1147 Schol.‚
666 1070 722 1133 sed
738 1074 814 1155 quia
826 1090 889 1158 pro
907 1074 1015 1131 mentis
1029 1078 1200 1149 corriperem

91 1174 156 1219 csse
176 1154 237 1216 ubi
260 1156 426 1229 occurrit,
456 1155 530 1230 vix,
556 1158 585 1219 si
607 1165 699 1218 recte
719 1159 874 1232 memini,
905 1152 1200 1235 nudus,genitivus

89 1238 310 1304 observetur:
334 1234 349 1324 ΙΙ
372 1238 461 1301 unde
479 1243 653 1324 persuasio
676 1238 834 1302 haerebat
850 1242 964 1301 animo
989 1242 1124 1321 poetam
1138 1237 1258 1295 τεο-171

84 1314 218 1405 liquise
234 1320 270 1385 -ἔν
291 1317 389 1403 αὑτῆς
409 1315 475 1409 qdc'
507 1322 701 1404 ἀδείμαντος.
757 1324 874 1410 Eurip.
902 1317 1032 1385 fleracl.
1055 1337 1102 1385 νε.
1125 1319 1200 1380 710.

105 1410 217 1489 -ρενῶν
237 1406 294 1471 οὐκ
313 1404 401 1471 ilica
418 1403 502 1471 εἶναι.
560 1409 684 1473 Noster
697 1411 732 1471 in
752 1406 899 1494 Choeph.
916 1426 963 1473 νε.
980 1408 1051 1467 231.
1079 1406 1200 1487 φρενῶν
1227 1456 1230 1463 .

80 1494 181 1557 cador
200 1496 298 1575 γενοῦ.
344 1491 507 1557 Herodot
529 1489 585 1557 lib.
604 1494 626 1556 1.
649 1516 677 1557 ο.
697 1498 767 1558 119.
797 1492 867 1559 aira
893 1486 1040 1573 ἐξεπλάγη
1063 1484 1150 1562 ἐντός
1165 1508 1200 1550 τε

80 1570 213 1641 tumeo
231 1576 354 1661 γίνεται.
386 1576 477 1659 quod
498 1576 629 1641 Heliod.
649 1576 707 1642 lib.
724 1579 765 1641 ll.
792 1601 825 1664 p.
841 1580 889 1641 68.
917 1578 960 1651 εἰς
982 1570 1095 1637 ἑαυτὸν
1114 1572 1201 1658 γενέ-

80 1664 171 1725 σθαι
183 1659 229 1741 *).
277 1660 339 1726 His
362 1664 529 1724 contraria
548 1672 628 1726 sunt
647 1662 710 1739 ἔξω
723 1659 903 1747 natantium
915 1666 950 1725 in
968 1656 1117 1745 Alciphr.
1139 1654 1200 1723 lin.

80 1742 146 1809 ΙΙΙ.
164 1750 264 1831 epist.
274 1746 325 1808 40.
340 1746 429 1823 ἐκτὸς
441 1743 552 1829 ἑαυτῆς
562 1749 693 1831 γίγνεται
706 1750 794 1836 apud
810 1740 1200 1828 Heliod.lib.1.p.18.**)

80 1826 194 1895 Coni.
211 1848 312 1916 supra
327 1831 369 1893 ad
385 1831 478 1916 Sept.
495 1829 601 1896 Theb.
615 1853 660 1899 νε.
677 1835 749 1896 271.
772 1833 891 1896 eodem
912 1832 1083 1917 pertinent
1101 1823 1201 1889 locu-

80 1916 210 1977 tiones
221 1922 281 1978 τιοῦ
293 1915 359 1979 ποτ’
378 1913 406 1979 el
424 1922 544 2001 φρενῶν
556 1920 592 1978 in
609 1915 713 2002 Soph.
729 1914 853 1979 Electr.
867 1936 914 1981 vs.
927 1918 998 1978 893.
1021 1924 1055 1975 et
1075 1916 1119 1993 πῆ
1131 1906 1210 1974 ποτ’-

81 1994 113 2065 el
168 1994 258 2080 ῶμης
270 2002 304 2061 in
320 1999 430 2086 Antig.
445 2021 492 2067 νε.
508 2004 559 2063 42.
609 1998 838 2067 Proverbialia
856 2011 936 2065 sunt
955 1997 1019 2073 ἔξω
1031 2001 1136 2060 πολῶν
1150 1994 1202 2059 καλ

84 2022 420 2174 ὶκλνθρᾴκηςολκεΐν,
458 2095 493 2148 et
513 2083 578 2161 ἔξω
596 2092 653 2168 γῆς
671 2089 723 2149 καλ
743 2092 827 2150 θεῶν
848 2083 923 2149 εἶναι
946 2082 1034 2170 apud
1059 2080 1200 2144 Aristid.

86 2166 195 2255 Turn.
208 2171 231 2231 l.
245 2191 279 2254 p.
293 2172 366 2234 449.
382 2183 416 2234 et
430 2170 527 2233 Tum.
543 2170 584 2232 ll.
597 2192 632 2278 p.
647 2176 720 2236 227.
740 2183 774 2233 et
788 2172 830 2234 de
845 2190 913 2255 quo
925 2172 991 2231 iam
1007 2168 1059 2251 egi
1071 2164 1116 2241 ad
1131 2165 1202 2228 tle-

81 2250 187 2341 Sych.
202 2273 232 2317 v.
250 2251 350 2338 ζόφος.
382 2254 445 2330 ἔξω
465 2260 587 2339 στηλῶν
605 2256 789 2339 Ηρακλέονς
801 2256 820 2341 ἢ
834 2264 897 2320 τῶν
909 2249 985 2335 ὖπέρ
1002 2252 1056 2314 τὸν
1069 2246 1199 2314 Kodro-

81 2360 165 2413 σον,
195 2349 229 2402 et
253 2338 315 2415 ἕλξω
339 2345 460 2422 στηλῶν
479 2344 529 2403 καλ
543 2342 704 2422 Γαδείρων
723 2343 788 2406 iuri
800 2347 845 2404 τῶ
863 2342 914 2405 καὶ
926 2334 1002 2402 τῶὸ
1022 2341 1105 2410 νοῦς.

81 2442 163 2509 quo
177 2434 351 2509 postremo
367 2436 567 2511 prognatum
581 2429 739 2490 existimo
754 2406 892 2489 modum
907 2404 1068 2506 loduendi
1083 2423 1117 2481 in
1128 2417 1201 2482 He-

81 2508 204 2571 ro'dot.
217 2506 275 2573 lib.
291 2509 347 2573 lll.
363 2531 390 2572 c.
402 2512 470 2575 155.
484 2512 637 2575 λκνιλῶσαι
650 2518 713 2577 τῶν
726 2516 856 2595 φρενῶν,
879 2521 912 2574 et
925 2510 959 2573 ἔκ
976 2512 1034 2591 τοῦ
1049 2499 1198 2569 virtutib.

81 2592 150 2657 Vl.
175 2614 204 2656 c.
222 2598 269 2656 12.
293 2604 495 2679 auctoreque
525 2616 694 2683 anonymo
721 2595 810 2680 apud
832 2593 926 2657 Suid.
945 2598 980 2657 in
1012 2614 1043 2657 ν.
1069 2584 1200 2655 ἐκπλεύ-

83 2700 219 2753 σαντες,
255 2679 433 2759 ἐκπλεῦσαι,
462 2681 635 2754 ἐξέπλευσεν
664 2695 698 2744 et
725 2678 956 2762 κατεέρῶησεν.
1011 2674 1086 2737 Vid·
1109 2690 1200 2756 quo·

83 2782 160 2911 ff
186 2762 284 2825 Pind.
313 2762 449 2851 Olymp.
477 2764 544 2829 Od.
564 2766 619 2830 ΙΙΙ.
646 2763 710 2829 ult.
736 2775 769 2828 et
794 2706 909 2851 l’yth.0
924 2761 990 2827 Od.
1011 2760 1052 2822 X.
1079 2777 1125 2822 vs.
1144 2759 1198 2822 46.

167 2846 299 2910 Latinis
319 2847 440 2913 simnia
461 2850 592 2913 dabunt·
608 2860 708 2914 notae
728 2852 870 2934 interpr.
891 2850 933 2911 ad
950 2846 1085 2909 Petron.
1106 2862 1133 2905 ο.
1147 2844 1199 2905 90.

84 2928 142 3001 Ut
159 2941 292 3007 autem,
319 2933 482 2999 hactenus
505 2954 588 3017 quae
606 2934 852 3019 disputavimus
871 2936 952 2996 satis
968 2926 1056 2993 belle
1073 2942 1199 3012 proce*

86 3016 175 3081 dere
196 3019 502 3099 videbuntur;,'sic
523 3039 641 3083 vereor
660 3038 704 3082 ne
723 3023 809 3095 sint,
844 3021 901 3101 qui
922 3019 959 3080 in
972 3008 1143 3097 Aeschylo
1163 3010 1199 3075 lv
1249 3024 1252 3029 ·
1290 3052 1293 3057 -

87 3096 206 3167 ἑαυτοῦ
223 3104 456 3167 emendantem
479 3110 599 3188 φρενῶν
617 3104 805 3183 κεκομμένον
819 3104 987 3177 iudicent,
1016 3099 1094 3181 quia
1108 3101 1147 3181 τῇ
1165 3096 1198 3161 ἒν

88 3189 251 3273 comitem
267 3185 417 3252 dederim
431 3194 622 3273 genitivum.
666 3188 733 3252 Sed
748 3190 879 3252 discant
890 3188 925 3250 hi
937 3191 971 3249 in
987 3179 1198 3269 phrasillqua
1207 3197 1259 3255 ιτς

87 3272 133 3335 de
159 3273 307 3355 agimus,
334 3274 569 3357 similibusque
595 3292 709 3337 casum
741 3277 843 3337 istum
874 3273 1061 3336 rectissime
1090 3269 1196 3351 iungi.

86 3354 232 3421 Aristid:
249 3371 332 3421 orat.
352 3359 464 3422 Eleus
488 3372 572 3421 extr.
591 3357 648 3424 οὐκ
669 3352 694 3423 ῶ
708 3356 879 3440 ductricem
893 3364 947 3420 νῦν
961 3355 987 3441 γ’
1004 3354 1047 3419 ἔτι
1060 3353 1092 3418 ἓν
1104 3349 1197 3432 ὑμῶν

88 3439 196 3505 ἀὐτῶν
208 3438 327 3507 ἔσεσθε.
378 3446 470 3508 ldem
488 3444 583 3508 Tum.
602 3445 641 3508 ll.
656 3468 689 3533 p.
702 3447 773 3507 402.
793 3444 919 3529 γένεσθε
931 3444 963 3507 έν
977 3435 1066 3521 ὗμῶν
1081 3437 1197 3501 αὐτῶν.

89 3536 125 3589 et
142 3534 174 3611 p'.
190 3526 261 3590 347.
283 3524 370 3607 ὑμεῖς
390 3529 419 3593 οἳ
437 3532 536 3593 λοιποὶ
553 3531 657 3609 μένετε
675 3525 808 3610 ένῦμῶν
830 3527 943 3592 αὐτῶν.
996 3520 1197 3609 Hippocrati

87 3608 390 3697 παρ’έωῦτρλεέναιτ
423 3618 487 3678 vid.
504 3613 601 3678 Foes.
619 3611 748 3677 Oecon.
800 3612 889 3676 Alibi
912 3609 959 3697 ἐφ’
981 3606 1093 3673 ἑαυτοῦ
1111 3602 1197 3681 εἶναι,
1288 3642 1293 3653 .

89 3704 127 3757 ut
135 3700 170 3759 in
178 3694 297 3763 Liban.
307 3697 403 3761 'l'orm
412 3700 434 3761 l.
444 3721 476 3785 p.
488 3701 557 3762 869.
570 3700 599 3761 b.
609 3698 685 3782 [lV,
693 3720 725 3785 p.
737 3700 811 3778 694,
821 3703 871 3762 21.
881 3696 961 3779 itte]
972 3689 1109 3774 τοσαύτῃ
1120 3706 1209 3753 mm

89 3780 154 3870 σ’νλῳ
179 3790 283 3846 κακῶν
304 3784 491 3866 έκβέρλλημαι
510 3789 573 3847 τῶν
593 3783 748 3867 λογισμῶν
768 3820 851 3832 --
881 3781 918 3848 οὐ
936 3777 1018 3845 πάνυ
1043 3778 1198 3861 σωφρονῶ

86 3958 313 3971 *οη-υ*

121 4074 149 4142 *)
170 4042 274 4124 Liban.
287 4068 368 4124 Tam.
381 4070 401 4123 I.
411 4088 438 4140 p.
450 4072 509 4134 529,
522 4073 549 4129 h,
560 4070 679 4136 [vol.IV,
689 4088 716 4139 p.
727 4069 786 4133 391,
797 4068 837 4121 16.
847 4064 929 4131 Rath]
940 4062 989 4115 οὐκ
1004 4062 1034 4116 έν
1045 4064 1136 4130 σαυτῷ
1146 4077 1197 4129 yt-

157 4140 234 4213 νήσφ.
274 4142 385 4193 Similia
403 4142 459 4196 vid.
475 4160 490 4193 a
513 4146 551 4195 nd
565 4146 606 4197 1ο.
621 4144 707 4193 Conr.
725 4139 867 4193 Schwarz.
878 4139 957 4188 Corn.
972 4135 1042 4186 erit.
1054 4131 1198 4201 Ling.Gr.

156 4210 229 4263 Νον.
247 4212 332 4265 Foed.
352 4229 379 4280 p.
394 4211 454 4265 338.
488 4160 592 4278 faut).
606 4228 634 4280 p.
648 4212 724 4280 652]
980 4222 984 4233 '

123 4304 168 4377 **)
191 4312 301 4362 Iterum
313 4313 344 4363 Li
348 4312 411 4362 ban.
421 4328 448 4377 p.
458 4310 518 4363 82i.
528 4311 555 4364 b.
565 4312 632 4379 [vol.
642 4293 688 4377 ill,
700 4327 727 4377 p.
736 4309 797 4376 645,
810 4308 848 4383 15.
860 4304 906 4373 lh]
916 4302 967 4363 tta
981 4292 1103 4373 έμοοτοῧ
1112 4298 1195 4373 γενό-

154 4397 240 4449 μενος
258 4378 311 4437 ὑπὸ
330 4381 380 4436 τοῦ
401 4379 499 4435 κακοῦ.
536 4379 765 4451 [adop-,6541
