2626 4792
419 188 513 261 nn
576 187 894 265 nenses.
1132 144 1211 301 ne

118 358 282 427 retulisse
295 358 447 446 legimus.
484 359 707 448 Spanhemius
721 374 817 448 putet
833 364 1008 448 pertinere
1023 358 1089 427 hoc
1103 361 1207 442 aditi,
1286 422 1289 427 .

96 381 127 527 iq
155 442 191 529 ὶῆ
215 456 252 510 et
277 447 360 523 aiot,
387 448 525 531 quaein
546 443 741 509 haefabuta
767 455 959 511 occurrant.
1010 444 1209 513 Meminisse

97 534 131 595 ni
146 527 257 594 fallor
272 523 439 595 de'bebant
458 533 586 610 critici,
620 532 710 617 apud
728 535 896 596 comicum
911 527 1081 595 Bacchum
1097 528 1207 615 loqui,

96 620 152 699 qui
169 637 289 680 vocem
303 616 496 692 substituat,
515 634 579 698 qua
595 617 710 701 ipsum
727 620 838 682 vocari
854 635 927 681 mos
939 627 992 681 est
1002 621 1104 700 χαρᾶς
1116 617 1206 683 ἐπεὶ·

97 700 236 783 δούσης,
265 700 416 785 adeoque
440 721 508 763 non
529 705 635 785 magis
649 701 765 765 Aristo
789 700 910 764 inanem
932 700 990 765 hic
1012 703 1205 766 tavotinve-

96 789 203 861 nisse,
232 804 332 869 quam
353 805 416 848 nos
438 784 549 848 hodie.
598 784 650 849 De
670 723 853 871 compiosis
870 786 1024 849 manibus
1038 784 1130 868 quod
1143 784 1205 847 ed-

98 870 164 947 dit,
183 874 311 956 respici
323 882 408 954 puto
423 869 466 932 ad
485 869 585 934 verba
598 889 647 935 vs.
662 870 733 933 854.
750 862 775 934 ὦ
792 866 887 934 πόποι
899 863 920 955 ἦ
934 867 1069 953 μεγάλας
1081 868 1205 953 &sotiis

98 970 127 1021 te
145 989 232 1005 --
252 960 362 1036 βιοτᾶς
380 949 607 1039 ἐπεκύρσαμεν,
633 954 719 1037 quae
742 975 784 1018 eo
805 966 903 1039 gestu
921 955 1060 1018 achoro
1072 948 1206 1041 prolata

98 1049 240 1125 possunt
261 1037 423 1125 intelligi,
458 1040 610 1120 adeoque
630 1031 736 1125 prosi
757 1036 851 1105 πόποι
870 1042 1092 1105 substitutum
1114 1037 1205 1126 apud

100 1127 262 1189 nomicum
279 1128 369 1189 ἰαυοῖ.

175 1240 236 1304 VS.
251 1242 323 1304 690.
365 1277 432 1290 --
450 1253 514 1329 ,ἐστὶΙ
526 1254 556 1308 δ’
578 1255 629 1311 οὐκ
647 1250 788 1326 εὐέξοδον,

373 1336 386 1406 Η
406 1332 511 1396 Ἄλλως
528 1354 557 1391 τε
573 1335 685 1400 πάντας
696 1339 723 1411 χ’
747 1344 774 1395 ot
791 1336 861 1396 κατὰ
873 1339 980 1411 χθονὸς
994 1342 1055 1397 θεοὶ
1210 1346 1263 1401 228

364 1424 473 1492 Λαρεῖν
489 1419 620 1493 ἀμείνους
635 1427 706 1479 εἰσιν
721 1423 738 1494 ἢ
755 1426 895 1499 μεθιέναι.
916 1470 918 1474 ⁴

100 1524 304 1678 liec‘tjq7vidit
324 1521 364 1589 ci.
389 1522 559 1589 d‘Arnaud
576 1544 641 1613 pro
656 1527 696 1595 ,οἱ
714 1524 780 1615 leg.
802 1524 859 1593 ὅτι.
904 1524 1013 1614 Supra
1035 1531 1069 1593 in
1087 1527 1201 1594 Proin.

100 1632 138 1678 rs.
223 1656 231 1675 .
328 1660 331 1665 -

208 1722 213 1732 “
242 1719 295 1777 σὸν
312 1722 397 1794 ἔργον
409 1720 461 1774 Ἰοῖ
476 1719 564 1781 ταϊςδ’
585 1718 762 1795 ὑπουργῆσαι
776 1720 863 1797 χάριν
956 1790 961 1799 1

242 1801 331 1864 ἄλλως
347 1822 375 1858 τε
395 1799 520 1871 πάντας,
539 1806 586 1857 καὶ
604 1800 784 1875 κασιγνήταις
801 1803 916 1880 πατρός.

88 1911 144 1977 obi
160 1906 266 1975 simul
278 1928 343 1996 pro
354 1900 547 1996 partieipio,
570 1908 662 1994 quod
677 1909 887 1987 subauditur,
909 1909 1049 1974 verbum
1065 1905 1198 1973 finitum

85 1997 148 2062 uel
155 1997 334 2085 posueris,
363 2002 553 2057 structurae
574 1998 661 2057 ratio
676 1995 796 2059 itidem
817 1996 986 2077 requiret,
1016 2004 1053 2058 ut
1067 1995 1198 2056 scriba-

81 2088 144 2147 tur
159 2081 214 2144 καὶ
226 2077 274 2144 ὅτι
287 2079 475 2162 κασίγνηται.
523 2077 567 2141 Ει
584 2083 634 2142 sic
653 2082 864 2143 construitur
875 2079 977 2152 ἄλλως
990 2102 1023 2142 τε
1044 2079 1106 2157 καί,
1128 2098 1196 2162 quo
1254 2133 1256 2138 .

81 2175 235 2231 utuntur
247 2173 405 2228 auctores
418 2160 486 2226 alii.
530 2161 699 2253 Hesych.:
721 2163 824 2239 ἄλλως
836 2187 879 2243 τε,
899 2161 1047 2245 μάλιστα,
1065 2165 1117 2226 καὶ
1130 2163 1197 2227 κατ’

75 2248 184 2319 fluor
202 2244 328 2332 τρόπον.
378 2247 435 2311 Sic
456 2244 551 2311 locus
572 2250 733 2336 distingui
757 2250 877 2327 debet,
904 2251 961 2333 qui
985 2253 1021 2312 in
1036 2248 1197 2312 editioni-

76 2334 148 2403 bus
162 2333 253 2399 male
266 2336 527 2418 interpungitur.
570 2333 764 2420 Utrumque
775 2332 867 2401 valet
880 2358 951 2397 eum
970 2339 1008 2398 ob
1023 2340 1106 2412 alia,
1130 2347 1197 2397 tum

75 2428 240 2509 inprimis.
267 2419 333 2483 vid.
346 2417 535 2484 Devarium.

171 2504 233 2567 Vs,
249 2506 321 2585 697.
344 2500 455 2567 νΑκτια
469 2503 552 2578 λέξαι
567 2505 589 2565 i.
602 2524 632 2567 e.
654 2527 761 2567 corum
776 2509 901 2589 alloqui.
923 2514 962 2566 ut
975 2524 1057 2568 mox
1070 2506 1195 2568 vs703.

76 2590 177 2658 ἔκτια
191 2585 327 2696 φάσθαι.
350 2597 385 2651 et
397 2587 486 2674 apud
501 2588 598 2650 Hom.
614 2586 741 2672 Odyss.
764 2593 805 2654 0.·
817 2609 864 2654 νε.
879 2591 951 2652 876.
965 2588 1054 2653 ἅντια
1068 2591 1195 2653 δεσποί-

78 2700 140 2762 νης
154 2681 292 2760 earum.
347 2672 404 2736 sie
424 2671 520 2754 ἄντην
538 2683 572 2735 et
586 2671 666 2736 ἄντα
681 2676 756 2738 ἰδεῖν
769 2673 861 2759 apud
874 2674 1018 2736 eundem
1033 2673 1109 2759 pius
1125 2693 1194 2737 uno

78 2760 230 2834 inluso,
254 2770 288 2821 et
302 2754 429 2822 Gallim.
446 2756 479 2821 h.
487 2758 585 2820 Dian.
604 2779 650 2823 vs.
667 2760 718 2821 63.
762 2759 828 2822 Pro
845 2778 886 2821 eo
900 2757 979 2822 ἄντα
994 2760 1113 2824 εἰσιδεῖν
1122 2758 1194 2821 Ειι-
1219 2834 1224 2840 .

80 2850 152 2935 rip.
164 2848 203 2908 in
215 2841 339 2908 Alcest.
353 2862 398 2908 vs.
413 2844 486 2907 876.
505 2843 676 2925 quomodo
693 2853 728 2906 et
741 2842 815 2906 Lat.
837 2857 947 2906 contra
968 2851 1063 2916 tueri,
1093 2853 1128 2907 et
1140 2849 1195 2904 in-

84 2939 178 2997 tum'.
242 2928 316 2994 Liv.
335 2923 394 2992 lib.
413 2929 437 2991 l.
460 2949 486 2990 o.
504 2930 552 2991 16.
569 2941 676 3012 petens
698 2933 858 3010 precibus,
896 2940 1096 2991 utcontra
1125 2933 1194 2989 in-

85 3021 193 3081 tueri
205 3013 267 3092 fos
290 3006 376 3076 esset.
422 3011 552 3074 Eodem
568 3014 717 3098 pertinet
730 3017 888 3093 adspicere
902 3025 1030 3090 contra,
1052 3009 1193 3077 Graecis

84 3096 342 3183 ἇκτιβλὲπειν*),
371 3116 523 3160 necnon
545 3111 656 3159 contra
678 3101 818 3160 attollere
830 3102 935 3158 oculos
947 3096 1193 3181 ἀντοφθαλμεῖν,
1234 3156 1238 3169 ,

85 3187 127 3251 de
141 3185 266 3269 quihus
280 3179 414 3247 Herald.
431 3183 571 3247 Advers.
584 3178 641 3242 lib.
656 3181 696 3245 ll.
713 3202 741 3242 c.
757 3178 815 3241 lV.
836 3190 871 3243 et
886 3179 997 3245 Bentl.
1017 3182 1058 3245 ad
1073 3183 1191 3245 Horat.

83 3268 140 3337 lib.
156 3270 181 3332 l.
198 3266 264 3331 Od.
281 3270 309 3330 3.
323 3287 370 3330 vs
391 3269 439 3330 18.
475 3268 512 3329 ln
528 3264 588 3329 iilo
605 3263 619 3353 Η
634 3265 723 3348 quod
738 3267 890 3347 sequitur
907 3269 976 3352 περὶ
991 3262 1097 3352 τάρβει
1110 3288 1251 3353 praem

84 3362 215 3429 timore,
238 3355 275 3413 ob
287 3365 419 3428 metum,
441 3364 493 3414 est
507 3353 687 3436 antiptosis
702 3370 767 3436 pro
781 3345 928 3433 τάρβους.

167 3464 230 3528 VS.
245 3464 318 3524 700.
361 3475 412 3546 Μή
431 3498 458 3532 τι
473 3481 631 3553 μακιστῆρα
645 3481 757 3548 μῦθον,
776 3474 846 3553 ἄλλα
863 3476 1005 3551 σύντομον
1021 3481 1090 3535 εἰπέ.

83 3582 122 3649 ln
136 3576 258 3666 Suppi
275 3599 322 3644 vs
341 3579 413 3642 475,
429 3578 547 3661 ἥκουσα
559 3584 737 3663 μακιστῆρα
753 3577 884 3660 καρδίας
899 3576 1000 3664 λόγον.
1024 3582 1081 3641 ubi
1100 3575 1190 3663 expl.

74 3664 200 3741 ‚schol
216 3661 371 3747 δηκτικόν.
415 3662 575 3751 Hesyob.:
603 3656 775 3748 μακιστήρ,
804 3663 911 3741 βέλος,
932 3660 1078 3729 τάσσεται
1092 3662 1190 3725 δὲκαὶ

72 3754 132 3819 tat
155 3754 215 3816 τσῦ
237 3743 380 3831 μεγάλου.
437 3747 504 3813 Alii
531 3747 607 3811 libri
632 3749 689 3811 hic
709 3746 827 3833 legunt
843 3755 1020 3831 μηκιστῆρα
1039 3759 1126 3810 teste
1147 3746 1190 3810 Η.

72 3837 202 3925 ‚Stepin
222 3836 258 3895 in
275 3831 376 3897 Thes.
426 3832 586 3918 Sequitur
608 3836 771 3895 continuo
790 3833 910 3917 Ιδείομαι
922 3853 984 3919 pro
998 3830 1106 3912 δέομαι
1128 3834 1150 3897 i.
1164 3851 1192 3894 e.

83 3924 186 3989 δείδω.
231 3916 369 3981 Aristid.
390 3917 675 4006 Tom.11.p.125.
705 3918 773 4003 περὶ
797 3923 854 3982 τοῦ
874 3917 1041 3999 μέλλοντος
1061 3916 1193 3983 δέονται.

84 3996 253 4094 liesych.:
279 4002 438 4086 δειομίνη,
462 4002 632 4085 δεισομὲνη.

98 4284 151 4353 2⁸)
170 4282 211 4335 Et
228 4280 356 4335 ἐναντίαν
372 4281 483 4347 βλέπειν
500 4277 577 4345 apud
596 4276 683 4348 δορὴ.
704 4278 799 4347 Antig·.
820 4275 951 4332 νι.1807.
995 4276 1094 4346 Eurip.
1113 4276 1191 4333 Met.

152 4350 217 4407 47⁰.
251 4350 323 4402 Hes.
339 4348 400 4405 968.
414 4348 473 4401 972.
492 4355 521 4399 et
533 4347 594 4403 975.
627 4349 732 4415 [ΑΗΒ.
749 4343 925 4417 p.655.56.]
1022 4357 1042 4393 t
