2626 4792
241 140 245 148 ’
373 154 496 265 'Au
573 188 894 266 sensns
1127 158 1219 274 ια’

87 370 171 451 τίς),
186 365 226 433 dr'
247 356 286 433 οἷν
306 362 486 450 μίγνυταιῆ
503 366 650 440 Μαιῶτις
661 365 754 448 λίμνη
773 369 820 453 τη)
833 361 959 453 Πόντῳ.
987 367 1040 431 καί
1049 431 1056 448 ,
1065 365 1202 454 Θράκιος

88 451 155 523 λέν
165 448 386 540 Ἑλλησπόντῳ
393 499 404 532 ,
433 449 514 518 oea
534 446 551 515 ὅ
569 446 716 515 Λεάκων.
763 449 938 514 Postrema
959 447 1061 516 huius
1079 433 1201 527 sciroiii

88 540 189 609 verba
203 560 247 603 ne
259 558 329 601 non
343 541 414 602 sint
428 534 581 600 emendo
595 533 702 601 libera
720 555 859 612 vereor,
878 539 957 619 quia
972 536 1014 599 de
1025 538 1127 605 istius
1140 560 1202 606 ro-
1271 552 1273 557 ’

89 629 197 713 gionis
213 626 286 689 sire
302 623 399 699 urbe,
415 625 486 687 sive
498 618 613 701 fluvio,
627 618 736 686 aliove
746 617 898 703 quoloco
913 619 979 685 hoc
990 628 1128 688 nomine
1142 629 1203 691 in·

88 713 173 796 signi
185 707 275 772 nihil
288 705 402 794 legere
416 707 561 789 nemini,
591 719 625 768 at
638 705 776 788 quidem
789 705 831 768 de
845 705 1005 770 Leucono
1025 707 1200 775 Cimmerii

87 795 231 880 Bospori
245 813 345 878 rege,
367 793 492 876 dequo
507 792 575 855 vid.
591 790 715 854 Strabo
733 799 767 853 et
781 789 934 853 Perizou.
956 792 997 853 ad
1014 792 1144 857 Aeliani
1158 796 1200 860 V.

89 876 268 945 Eliutv,
290 900 318 941 c.
337 882 387 942 13.
408 875 490 940 hinc
506 873 585 939 loco
608 894 667 939 sua
688 886 780 939 motu
798 879 976 960 suspicans
997 875 1056 942 illa
1080 877 1161 944 ’ἔνθα
1182 877 1200 946 ὁ

91 961 219 1029 Λεάκων
241 963 429 1039 tentabam,
459 961 568 1025 donec
591 959 673 1044 quid
694 963 820 1024 rectius
842 959 1003 1024 docerent
1017 962 1092 1043 atii,
1116 1000 1202 1015 ---

90 1049 202 1136 Πόντῳ
208 1098 219 1129 ,
247 1047 328 1113 ’ἔνθα
349 1041 518 1111 istriam
532 1047 729 1126 ἐβασίλευσε,
758 1044 811 1111 vel
831 1042 1040 1129 ἐτυράννευσε.
1085 1054 1137 1115 καί
1163 1047 1200 1117 Θ.
1249 1086 1252 1091 ·

78 1128 219 1201 ἱλίνἛ.
264 1134 317 1197 Dc
331 1133 447 1197 eadem
461 1134 660 1212 quaestione
673 1151 714 1194 an
735 1129 978 1219 Hellespontus
994 1146 1028 1198 ct
1042 1133 1212 1223 Propon-¹
1258 1192 1261 1199 ,

93 1222 129 1285 tis
140 1217 391 1305 comprehendi
405 1217 568 1293 debeant,
597 1237 662 1280 nec
683 1238 742 1294 oe,
770 1215 861 1279 coni.
878 1217 1031 1282 Eustath.
1044 1220 1085 1291 ad
1102 1223 1202 1289 Dion.

95 1300 188 1369 Orbis
204 1304 439 1391 Descriptus.
459 1303 529 1366 142.
579 1301 617 1363 ln
630 1301 743 1366 Schoi.
766 1300 808 1363 ad
830 1321 875 1368 rs.
899 1303 1016 1367 717.1.
1038 1306 1159 1392 ταραχὴ
1181 1304 1202 1393 ἢ

95 1387 247 1536 ἐμφύλιος.
289 1400 323 1453 et
345 1407 392 1454 vs.
407 1388 479 1451 724.
511 1387 589 1453 vide
618 1408 702 1453 num
730 1385 827 1452 malis
855 1386 968 1474 legere
994 1385 1116 1475 άπίχειν
1135 1408 1203 1480 pro

105 1476 208 1560 νίχτιν.
1032 1497 1068 1527 ··
1192 1492 1196 1506 ·

527 1712 605 1781 cn.
628 1715 768 1781 xxxn.
932 1682 934 1687 ’
1053 1768 1055 1773 ,
1212 1706 1268 1766 νιν

137 1884 140 1891 ·
166 1849 231 1915 Vs.
248 1849 320 1914 726.
360 1852 426 1919 Ὧδ’
447 1864 518 1936 ἔχει,
547 1857 662 1935 γνώμης
680 1860 714 1915 di
730 1857 786 1916 πού
806 1860 1009 1937 nesapium
1028 1844 1199 1938 συνήψατο..

77 1976 215 2046 Dubito
229 1983 481 2066 praestiteritne
497 1983 610 2065 posita
625 1991 704 2066 post
724 1967 785 2042 ὧδ’
808 1976 882 2061 ἐγώ,
905 1981 1004 2069 τελείᾳ
1018 1990 1144 2067 στιγμῇ,
1157 1991 1203 2048 τώ

75 2065 211 2150 γνώμης
233 2062 416 2150 praefigere
437 2064 534 2127 Darii
559 2084 703 2143 nomen,
738 2067 894 2144 sequenti
917 2070 1031 2130 versui
1051 2048 1205 2149 Atossaei,

75 2152 191 2219 tertio
213 2163 401 2234 quartoque
420 2153 546 2212 iterum
562 2149 669 2212 Darii.
720 2147 853 2213 Deinde
873 2154 941 2214 nisi
959 2147 1123 2233 συνήψατο
1146 2153 1204 2218 hic

75 2236 195 2303 valeat
216 2231 466 2317 καθήψατονεΙ
489 2233 599 2317 ἥψατο
627 2233 812 2319 (frequenti
830 2237 986 2320 inprimis
1001 2237 1209 2325 Hippocrati·

75 2318 263 2388 locutione
286 2321 441 2385 ἅπτεσθαι
462 2326 525 2384 τών
555 2325 677 2406 φρενῶν
696 2329 732 2383 et
750 2324 809 2400 τῆς
832 2317 966 2404 γνώμης.
1003 2325 1071 2386 vid.
1094 2322 1205 2389 Foesii
1296 2350 1299 2355 ·

75 2404 219 2475 oecon.
229 2406 425 2494 Hippocrat.
462 2405 582 2492 Eurip.
598 2404 692 2469 Med.
706 2422 751 2470 vs.
768 2406 819 2469 54.
833 2404 1071 2489 ἀνθάπτεσθαι)
1084 2409 1205 2494 legen-

75 2492 169 2557 dom
183 2491 332 2556 fortasse
346 2489 448 2553 fuerit
461 2487 587 2576 γνώμης
603 2494 623 2553 i.
638 2513 666 2555 e.
683 2487 830 2573 γνώμαις.
872 2491 959 2555 Mox
974 2511 1021 2559 vs.
1037 2494 1110 2559 744.
1128 2493 1205 2560 ὅταν
1286 2504 1289 2521 ²

75 2575 207 2663 πεώδη
220 2600 267 2652 τις
280 2575 376 2653 αὐτὸς
385 2573 415 2657 χ’
429 2565 455 2662 ᾧ
467 2575 545 2652 θεὸς
560 2573 753 2640 συνάπτεται.
784 2578 844 2639 ubi
859 2578 924 2640 vid.
940 2575 1054 2640 Schol.
1069 2589 1104 2643 et
1118 2600 1204 2644 euu-

76 2664 166 2728 dem
181 2662 331 2726 adhunc
347 2661 470 2725 locum.
495 2661 562 2724 Sed
580 2665 676 2748 prius
692 2673 731 2722 ut
744 2659 976 2747 praeferamus
990 2662 1110 2728 suadet
1123 2682 1205 2731 ver-

79 2766 179 2825 sus„
202 2751 261 2833 qui
290 2748 420 2833 excipit
447 2748 548 2811 verba
579 2746 621 2811 de
647 2746 770 2830 quibus
787 2768 880 2810 nunc
898 2752 1037 2832 agimus.
1102 2745 1203 2815 Coos.

81 2834 232 2898 omnino
253 2852 301 2913 vs,
315 2834 386 2896 752.
411 2834 471 2913 qui
500 2852 587 2919 pene
606 2832 809 2916 persuadet,
838 2830 886 2895 ‘ea
909 2852 995 2916 quae
1016 2833 1164 2898 diximus
1187 2854 1206 2898 a

83 2919 196 2989 Dario
219 2936 293 2982 esse
313 2914 456 3002 prolata.
511 2918 566 2979 Vs.
583 2921 656 2979 722.
673 2935 743 2978 non
762 2927 854 2980 caret
868 2919 1048 2982 veneribus
1070 2917 1205 3004 phrasis

86 3010 197 3088 πεῖραν
232 3005 398 3089 μωραίνειν
416 2998 441 3087 ΙΙ
472 3019 537 3087 pro
571 3007 666 3065 stulte
697 3008 854 3086 suscipere
888 3009 1135 3088 expeditionem,
1171 3008 1267 3074 eim

89 3102 220 3153 tortore.

1119 3170 1130 3199 Ι

174 3218 237 3282 Vs.
253 3217 325 3282 734.
359 3217 525 3302 Βακτρίων
543 3215 572 3280 d‘
595 3213 675 3304 ίρῥει
694 3211 841 3298 πανώλης
861 3217 971 3300 δῆμος.
1022 3216 1102 3282 Non
1121 3216 1207 3283 benc

92 3307 264 3389 interpres
287 3306 515 3382 perditissimus
537 3308 696 3386 populus3
730 3305 956 3384 nequeenim
982 3301 1039 3367 hic
1062 3300 1209 3387 πανώλης

92 3398 188 3455 notet
208 3383 265 3452 τὸν
277 3386 363 3462 άξιον
383 3385 533 3466 iiio-ine,
558 3399 596 3449 ut
613 3389 649 3449 in
666 3384 785 3472 Suppl.
802 3407 851 3452 VS.
868 3391 940 3452 101.
982 3389 1111 3453 Verum
1124 3415 1208 3452 παν·

94 3471 175 3558 ώλης
205 3470 284 3559 ἕῤῥιι
311 3469 400 3536 valet
425 3469 483 3533 hic
515 3472 665 3549 funditus
686 3479 797 3556 periit,
837 3477 994 3537 occidione
1014 3482 1135 3537 occisus
1154 3485 1208 3536 est.

93 3557 233 3625 Aristid.
256 3557 353 3621 Τοηι.
371 3555 410 3619 ll.
433 3577 467 3640 p.
482 3560 554 3620 322.
573 3557 776 3642 πανωλεθρία
802 3552 972 3642 πράγματα
999 3554 1207 3639 άπολλάμενα.

94 3655 261 3795 ρροροετετ
281 3639 414 3706 fabulae
433 3641 669 3726 praecedentis
686 3661 733 3706 vs.
746 3621 820 3707 558.
839 3639 990 3719 πανώλεις
1004 3639 1169 3727 παγκάκως
1180 3640 1207 3707 τ’

160 3751 231 3793 ατο.

176 3895 238 3961 VS.
253 3897 326 3961 736·
369 3906 492 3977 Μονάθα
510 3909 543 3964 δὲ
559 3911 663 3979 Ξέρξην
680 3904 786 3980 ἔρημόν
803 3923 893 3978 φασιν
911 3904 945 3961 οὐ
962 3904 1076 3959 πολλῶν
1093 3903 1176 3976 μίτα.

96 4026 201 4095 llario
220 4025 495 4111 interloquente,
526 4027 649 4093 Atossa
675 4028 857 4111 abruptum
881 4041 1074 4088 sermonem
1095 4025 1212 4085 conti-

97 4126 175 4178 nuat
196 4128 298 4179 versu
317 4114 440 4177 abhinc
463 4112 588 4193 altero,
627 4112 717 4175 unde
745 4110 845 4174 huius
874 4106 1001 4195 pendet
1028 4118 1211 4172 structura.

99 4194 219 4278 μονάδα
241 4192 363 4280 Ξέρξην
384 4197 472 4261 dixit
488 4197 604 4261 eadem
623 4192 777 4272 licentia,
809 4213 874 4278 qua
891 4194 1009 4278 Eurip.
1031 4196 1068 4254 in
1093 4190 1210 4256 Orest.

99 4302 141 4349 vs.
161 4280 243 4349 270.
271 4280 402 4362 μανιάσι
430 4279 625 4366 λασσήμασι,
661 4301 762 4366 quam
794 4278 1015 4344 construendi
1042 4279 1212 4341 rationem

101 4386 280 4459 perperam
295 4369 345 4433 ibi
359 4367 523 4456 reprobat
535 4364 652 4436 Schoi.
702 4360 835 4433 similia
846 4361 1026 4450 aliquoties
1042 4366 1112 4430 iam
1121 4360 1213 4429 ridi·
