2626 4792
322 203 402 275 ,λυ
429 200 631 277 subsunt
656 203 697 277 a
723 182 950 278 russas(
1080 202 1084 211 ¹
1137 202 1187 273 ω

88 398 136 443 sua
149 376 304 449 ἀπόδοσις
326 374 465 437 niernum¹
476 384 528 437 est
547 392 595 439 vs.
609 374 822 455 784-796..)
858 375 1076 456 ·Siciuquam
1088 376 1191 437 insti-⁸

87 475 148 527 tuta
177 466 293 527 oratio
314 472 385 523 erat
413 459 636 542 absolvenda;
670 482 763 521 nunc
782 463 878 541 quasi
903 457 1028 522 oblitus
1056 479 1188 541 eorum,

88 567 163 633 quae
184 555 441 633 praecesserant
471 548 609 631 scripsit
628 547 796 630 κρατηθείς
816 544 873 621 dl,
909 565 952 608 ex
982 564 1047 627 qua
1070 542 1188 611 vocula

85 636 189 711 narnis
219 635 332 694 oritur
357 640 547 693 structurae
574 625 772 708 difficultas,
809 648 883 691 eam
911 628 1189 706 dissimulaveris,

82 722 190 793 omnia
214 731 252 781 ut
272 717 366 781 vides
384 723 464 793 sant
478 713 577 800 plana
591 727 626 777 et
640 712 767 794 facilia3
797 724 914 777 contra
930 717 981 777 via
995 714 1186 799 proceden-

81 805 137 883 do,
167 818 272 885 quam
286 807 454 862 monstrat
468 796 582 861 schol.
597 803 704 883 magis
716 804 816 861 etiam
832 810 931 862 erunt
942 803 1122 884 impedita,
1149 811 1188 863 nt
1272 836 1274 841 ·

78 892 132 973 qui
146 890 252 952 irrito
267 898 388 950 conatu
401 881 588 968 particulae
605 882 718 946 locum
737 883 913 967 adsignare
929 879 1077 961 laborat,
1102 904 1188 968 quae
1242 886 1246 909 ⁸

75 970 131 1037 bic
152 990 298 1059 prorsus
320 967 466 1031 abundat
484 968 629 1047 utalibi,
660 977 696 1031 et
713 970 749 1031 in
763 967 917 1054 Xenopb.
933 968 1059 1054 Ephes.
1074 966 1130 1031 lib.
1147 968 1189 1031 V'.

75 1078 107 1143 p,
117 1060 171 1121 78.
187 1057 234 1141 [ο.
250 1057 279 1118 6.
295 1078 327 1141 p.
342 1057 395 1128 99,
412 1054 443 1116 5.
458 1051 557 1135 Lon]
579 1053 747 1136 διίχνωσαν
761 1051 946 1139 εἶς’Έφεσον
958 1052 1003 1135 μὴ
1019 1057 1189 1118 κατελθεῖν.

75 1136 178 1229 χρόνῳ
195 1143 235 1207 de'
246 1164 302 1203 τινι
316 1141 381 1202 ἐκεῖ
392 1135 546 1221 γενόμενοι
566 1139 672 1222 μίχρις
686 1131 768 1202 οὗτι
782 1140 927 1222 περὶτῶν
946 1143 1105 1204 δεσποτῶν
1124 1135 1187 1221 καί·

75 1242 209 1293 σωνται.
265 1225 331 1303 llic
351 1226 416 1287 nisi
438 1244 503 1309 pro
523 1243 592 1285 noa
608 1220 624 1310 Η
638 1226 765 1309 scripta
785 1226 959 1302 habueris,
995 1244 1065 1285 non
1083 1229 1187 1311 magis
1196 1235 1248 1291 138

75 1322 252 1376 structura
268 1310 378 1383 verbis
394 1308 581 1383 constabit,
602 1327 701 1390 quam
715 1312 750 1369 in
766 1307 958 1395 Aescby103
984 1329 1188 1395 suppresse·
1257 1314 1259 1319 '

75 1401 136 1475 ris,
155 1415 279 1459 sensus
295 1400 360 1458 erit
376 1393 553 1479 expeditus
567 1392 636 1457 boc
650 1395 782 1472 ordine,
804 1394 972 1477 διέγνωσαν
987 1397 1030 1465 εἰς
1043 1394 1085 1459 Ἐ.
1098 1395 1144 1479 μή
1159 1419 1189 1459 κ.
1237 1472 1244 1483 ⁴

75 1482 187 1565 μέχρις
200 1470 239 1543 οὗ
257 1484 294 1561 (i.
310 1477 464 1561 θεμίχρις
476 1479 591 1541 ἐκείνου
599 1526 609 1556 ,
632 1480 740 1562 μέχρις
754 1469 815 1559 οὗ)
832 1477 988 1563 γενόμενοι
1008 1480 1073 1545 ἐκεῖ
1084 1477 1190 1567 χρόνῳ

75 1570 137 1631 τινί
152 1564 325 1629 πύθωνταί
333 1589 362 1627 τι
378 1565 447 1647 χειρὶ
461 1570 524 1627 τῶν
537 1564 711 1628 δεσποτῶνε
732 1577 912 1629 statuerunt
925 1588 987 1629 aon
1000 1579 1073 1645 ante
1082 1570 1190 1651 Ἑρσι-

75 1674 148 1727 sum
167 1658 284 1724 redire,
311 1672 408 1734 quam
425 1651 469 1711 ibi
486 1654 672 1732 aliquandiu
693 1656 879 1713 commorati
891 1655 929 1713 de
942 1657 1024 1713 lteris
1036 1657 1102 1713 suis
1123 1657 1206 1714 ali··
1232 1664 1238 1705 ἲ

76 1742 156 1823 quid
180 1742 375 1799 rescivissent
395 1731 437 1814 ¹⁸).
462 1764 464 1773 ·
494 1730 769 1797 Constructionis
799 1737 886 1797 ratio
918 1754 1017 1817 quam
1044 1736 1190 1819 adplicat

76 1818 193 1885 b'cbol.
227 1840 271 1881 ex
300 1816 438 1881 Platone
467 1815 535 1881 huc
563 1822 675 1881 minus
705 1818 862 1900 quadrat;
902 1817 999 1881 loeus
1027 1831 1120 1884 extat
1151 1824 1188 1883 in

81 1902 173 1968 dicto
203 1904 337 1988 dialogo
358 1925 389 1988 p.
408 1907 481 1967 360.
503 1922 553 1985 g.:
594 1906 774 1965 discrimen
804 1912 842 1964 ut
872 1909 976 1986 magis
1000 1924 1078 1989 pers
1103 1910 1189 1969 icia-

80 2002 152 2066 tur,
185 1987 306 2053 similis
339 1986 486 2073 exempli
512 1986 665 2050 dabimus
696 1985 771 2048 alia.
810 2002 814 2009 ’
847 1985 975 2051 Noster
1005 1994 1040 2051 in
1073 1928 1191 2074 Egara.

81 2092 127 2139 vs.
144 2080 174 2138 7.
200 2072 325 2157 ἄστρων
357 2069 485 2137 κάτοιδα
513 2073 667 2156 νυκτίρων
692 2068 841 2154 ὁμήγυριν
864 2109 949 2121 --
970 2072 1048 2138 ὅταν
1065 2074 1190 2160 φθίνων

84 2160 146 2237 σθ,
178 2156 312 2231 ιἰντολιίς
338 2182 370 2220 τε
392 2164 463 2221 τῶν.
528 2156 692 2221 Herodot.
712 2156 769 2219 lib.
794 2156 862 2219 Vll.
882 2179 911 2223 c.
934 2162 986 2222 st.
1020 2156 1202 2269 ἐχεριῖρουν.

75 2248 164 2291 ¹—-
191 2244 251 2326 τὴν
273 2245 331 2350 μὲν
358 2243 534 2309 λευκολίνου
564 2244 740 2316 Φυίνικες··
762 2240 821 2324 τὴν
847 2240 882 2306 ‹i’
912 2241 1019 2327 ἑτέρην
1047 2269 1105 2329 την
1126 2251 1189 2327 βυ-

85 2329 501 2495 dibilitate
510 2327 669 2475 iiiii?
670 2338 808 2477 titt.
816 2347 964 2496 ”titi
965 2349 1034 2394 ⁰
1036 2334 1191 2501 iiiii

88 2496 219 2582 ἤχωνίων
235 2498 320 2575 ὅπως
342 2498 399 2577 μὲν
413 2495 565 2579 λήσομεν,
588 2496 659 2561 ὅκοι
673 2498 707 2561 δὲ
724 2504 899 2582 κρατῶμεν.
928 2501 979 2563 καί
995 2498 1126 2587 πότερον
1139 2500 1191 2566 διὰ

88 2584 167 2669 titi
182 2583 438 2658 θαλαττεύοντις.
463 2598 491 2644 et
503 2582 643 2671 Lucina.
655 2585 691 2645 in
705 2602 815 2668 paras.
827 2606 860 2689 P·
871 2586 942 2651 sat.
958 2586 1000 2670 [c.
1016 2586 1191 2665 stantib,

89 2668 213 2755 Ρι854.]
239 2676 278 2753 τῇ
296 2674 437 2753 ποιητικῇ
460 2668 525 2731 ἐστι
541 2672 687 2753 χρῆσθαι
709 2671 758 2731 καὶ
774 2669 806 2731 lv
821 2669 887 2754 οδηῑ
902 2671 1096 2735 καῒτιλίοντι.
1135 2672 1188 2736 Ad
1203 2743 1206 2751 Ι

90 2757 193 2839 priora
213 2759 304 2819 refer
319 2749 613 2839 Poly-aenituit.
627 2755 764 2828 06:11.
785 2755 890 2817 πεδίον
902 2754 1054 2837 ἄνυδρον,
1077 2754 1188 2839 ἀοίκη-

90 2838 184 2905 τινοῦ
195 2839 335 2921 βοτάνην
349 2836 418 2920 ἕχον
438 2873 523 2887 -·—
545 2835 742 2922 ἀσφαλιῶὸες
762 2837 796 2901 δὲ
811 2840 862 2900 καί
875 2844 999 2922 πλῆθος
1010 2837 1192 2925 ἁλμυρίδος,

90 2935 163 2989 utet
177 2922 376 2989 Petronium
391 2945 420 2986 a.
434 2925 485 2987 63.
505 2927 695 2985 habebamus
711 2938 786 2985 turra
804 2930 957 2987 homiuem
971 2928 1015 2990 Ga
1039 2933 1190 3010 padooem'

89 3008 222 3094 longum,
250 3014 343 3074 valde
359 3013 568 3085 audaculum,
589 3022 620 3071 et
633 3014 688 3091 qui
700 3012 843 3090 valebai,·
864 3023 990 3092 poterat
1020 3034 1105 3074 ovem
1118 3018 1189 3075 ira-

87 3102 140 3159 tum
157 3101 275 3159 tollere.
306 3093 373 3157 Sic
385 3091 498 3154 malim
513 3091 742 3174 distinguere,
771 3110 869 3175 quam
882 3108 1099 3177 paterninum
1114 3099 1189 3160 viro

85 3176 279 3247 doctissimo
297 3199 361 3262 pro
386 3176 589 3263 glossemate
612 3175 752 3258 babere3
789 3192 818 3239 et
837 3188 892 3262 qui
911 3182 1039 3243 valebat
1060 3194 1185 3245 mutata
1269 3217 1275 3228 ·

83 3261 167 3331 dixit
182 3276 354 3328 structura
393 3283 432 3325 ro
448 3278 474 3326 et
484 3259 647 3348 ”validum
663 3261 725 3342 **).
768 3262 896 3325 Noster
909 3263 1246 3331 superaremus

77 3351 140 3419 ῐίνιε
155 3351 195 3415 δὲ
208 3350 261 3413 καὶ
274 3355 471 3431 πενθησομεν
487 3353 550 3411 τῶν
566 3346 747 3431 ἀρχελείων,
776 3346 843 3412 ὅστ’
858 3346 908 3412 tut
925 3352 1115 3440 σκηπτουχίᾳ
1128 3376 1187 3415 τα-

75 3440 179 3515 tiele:
206 3433 275 3501 vid.
292 3446 326 3499 et
341 3434 381 3495 ad
399 3452 445 3495 vs.
462 3437 491 3497 7.
533 3431 826 3517 Praepositinnem
842 3434 876 3496 ἐκ
888 3432 1001 3498 Schol.
1016 3441 1187 3521 accepisse

75 3524 211 3587 videtur
224 3517 293 3583 ἀντὶ
305 3524 362 3601 τῆς
374 3514 452 3595 ὑπό,
483 3516 575 3599 quod
592 3516 674 3581 licet
688 3538 770 3581 usus
786 3516 891 3596 ierat,
918 3530 956 3582 ut
973 3521 1186 3584 ostendimus

75 3606 174 3682 tlibi,
201 3617 237 3669 et
250 3612 409 3667 occurrat
428 3605 477 3666 sic
496 3602 604 3665 ferme
619 3606 655 3664 in
668 3600 823 3689 Choeph.
846 3622 893 3667 vs
909 3606 980 3670 282.
995 3619 1028 3669 et
1043 3605 1184 3667 Eumen.

75 3692 166 3767 l95.,
186 3700 300 3752 tamea
315 3691 392 3772 quia
410 3692 456 3750 ita
471 3700 582 3751 sumta
595 3684 756 3767 ἀβουλιάις
770 3687 812 3749 ad
833 3692 941 3751 instar
956 3692 1105 3753 adverbii
1120 3708 1186 3773 pro
1233 3738 1237 3745 .

75 3772 221 3861 ίβοιίλωζ
232 3775 276 3837 de
288 3772 373 3835 Laio
388 3772 493 3836 fuerit
508 3773 727 3857 capiendum,
760 3772 801 3835 de
823 3794 890 3856 quo
903 3794 949 3838 rs.
963 3778 1036 3838 808.
1051 3779 1186 3858 κραίνων

75 3860 213 3937 ruiwale
222 3861 331 3922 Aulon
344 3859 531 3939 δυσβουλίας
535 3904 546 3937 ,
568 3855 671 3940 idque
685 3855 839 3923 videatur
853 3857 1099 3939 duriusculum,
1121 3880 1186 3947 ego

75 4038 298 4063 μ

100 4166 136 4237 ί)
154 4160 244 4217 Conf-
257 4160 349 4219 fleur.
363 4161 464 4232 steph.
477 4161 574 4217 Anisa.
587 4160 618 4214 iu
630 4160 683 4215 lib.
695 4160 732 4214 de
743 4160 821 4216 Diel.
834 4174 864 4230 p.
873 4158 919 4215 84.
935 4167 965 4212 et
979 4162 1073 4217 notul
1086 4162 1184 4232 Sahal,

138 4232 350 4303 adligatum
365 4232 425 4287 812.
461 4234 566 4298 [ADD.
580 4248 609 4299 p.
623 4232 699 4297 dib]

105 4320 156 4386 fif)
173 4318 275 4371 Simile
288 4316 361 4370 illud
370 4318 473 4385 Pomp.
490 4316 588 4370 Melae
600 4315 652 4389 lib,
667 4318 720 4369 ΙΙΙ.
735 4333 760 4369 c.
776 4315 820 4371 46.
834 4316 948 4384 ingenti
965 4333 1028 4370 cum
1042 4292 1186 4376 murmure

139 4405 304 4461 sanansque
319 4388 490 4442 deuoluitur.
525 4386 630 4453 [ΑΗΒ.
652 4402 683 4457 p.
696 4388 775 4451 ott.)
830 4400 834 4411 “
968 4396 972 4403 “
