2626 4792
349 196 418 271 Au
442 197 647 275 sumum.
668 202 709 277 C.
735 200 943 284 THEBAS.
1137 210 1195 283 ’63

83 367 269 458 Sophocles
284 372 408 458 λυλρς.Ι
420 392 467 439 νε.
483 374 555 437 205.

233 486 349 556 ries&
361 480 399 542 αὖ
415 486 552 562 ξύναιμον
568 478 668 560 zoile,
691 492 876 562 (Πολυνείκην
893 492 977 567 λέγω)
1056 494 1059 499 ’

229 568 262 649 ὃς
284 575 339 643 γῆν
356 568 489 643 πατρῴαν
506 574 553 629 καλ
567 574 654 649 Ιθεοὺς
671 576 735 639 τοὺς
751 578 874 649 ἐγγενεῖς

230 657 325 729 φυγὰς
343 656 502 743 κατελθὼν,
521 658 640 729 ἠθέλησε
657 662 713 733 μὲν
729 664 796 736 πυρλ

229 758 335 812 αρηοαι
347 764 424 795 -.

85 842 143 907 θεολ
155 842 285 929 ἐγγενεῖς
299 856 379 907 sunt
399 861 485 925 quos
498 836 609 931 Iristioi
629 845 748 907 dicunt
766 852 932 928 indigetes,
961 852 1111 929 genitales
1125 861 1189 917 etc.

86 930 224 1001 Graecis
240 948 374 1013 quoque
392 934 501 993 vocati
525 929 839 1013 ἀιεθραιαοιλαιμονες,
868 932 937 997 θεολ
952 937 1091 1013 πολῖται,
1121 936 1190 1001 ἔπι·
1280 959 1283 963 ·

81 1008 181 1099 γλριοι
203 1025 267 1079 etc.
316 1018 442 1103 lterum
468 1013 573 1101 Soph.
595 1017 630 1079 in
647 1012 772 1079 Electr.
797 1012 931 1080 νε.131.’
946 1018 1035 1101 πρὸς
1050 1023 1134 1085 θεῶν
1154 1046 1190 1086 οε
1251 1086 1255 1093 ,

82 1104 306 1181 λλαοομαιιτῶν
326 1100 340 1162 ἓ
359 1104 463 1183 γενῶν.
516 1098 660 1163 Aristid.
682 1098 777 1162 Tom.
801 1101 825 1163 l.
845 1122 875 1184 p.
898 1105 970 1165 442.
999 1116 1032 1167 et
1054 1108 1188 1189 passim.

80 1184 166 1253 Alibi
185 1182 309 1269 ἐγγενής
362 1186 468 1261 meeis
491 1197 585 1247 notat
606 1184 662 1248 τὸν
683 1192 740 1250 τοῦ
753 1184 858 1269 γένους
871 1184 965 1261 ἄξιον.
1024 1188 1128 1275 Soph.
1153 1196 1188 1255 in

78 1268 205 1339 Electr.
226 1290 279 1339 vso
292 1272 380 1336 1441.
397 1271 479 1353 [imo
501 1273 589 1333 1328.
605 1269 676 1355 Be]
696 1276 769 1359 νοῦς
791 1269 904 1335 ἔνεστιν
920 1272 1003 1347 οὔτις
1014 1268 1086 1355 ὑμῖν
1101 1276 1189 1360 ἔγγε-
1276 1346 1280 1351 ,

79 1356 131 1441 nic
144 1378 212 1443 pro
227 1354 454 1439 ἓγγεγενημὲνος
467 1352 487 1437 ἢ
502 1352 587 1430 ι’λξιος
601 1361 658 1420 τοῦ
670 1354 774 1438 γένους
791 1377 835 1419 ex
851 1361 1049 1423 criticorum
1062 1373 1190 1438 meote5

78 1453 111 1509 et
129 1464 199 1525 quo
217 1460 316 1504 sensu
339 1443 469 1524 accipio
483 1442 519 1501 in
535 1439 698 1503 Themist.
716 1448 798 1502 orat.
819 1440 876 1506 Xl.
890 1465 924 1528 p.
943 1444 1013 1509 153.
1029 1444 1060 1505 d.
1081 1470 1187 1528 παρα-

79 1524 207 1611 crisme
223 1526 257 1589 δὲ
272 1524 416 1612 αὐτῷκαὶ
429 1526 542 1601 παῖδας
555 1520 767 1610 συνάρχοντας
778 1524 840 1608 ἤδη
858 1527 1000 1611 ἓγγενεῖςε
1014 1528 1188 1594 ‘malcin-

78 1613 310 1700 terpresfilios
326 1634 369 1672 ιοο
380 1618 447 1672 eius
458 1614 558 1695 stirpe
568 1619 762 1694 progenitos,
786 1631 884 1692 quem
900 1630 1036 1676 sensum
1051 1628 1189 1700 praeter

77 1695 154 1780 ἤδη,
184 1694 275 1780 quod
297 1692 487 1759 dissimulat
506 1698 638 1771 versio,
666 1695 845 1759 destruunt
867 1703 1049 1779 sequentia.
1100 1698 1184 1763 Fre·

101 1802 182 1847 uens
207 1794 259 1846 est
280 1801 345 1867 pro
365 1806 384 1841 a
409 1794 526 1843 notura
546 1788 639 1843 insito
659 1779 752 1861 Piod.
777 1779 957 1845 Nem.''0d.
974 1782 1013 1843 X.
1037 1779 1053 1871 Η
1074 1805 1120 1850 vs.
1134 1784 1248 1850 95.114

79 1802 140 1953 lii).
159 1866 261 1950 Bkh.]
285 1865 322 1930 orl
344 1871 458 1945 θαῦμα
480 1866 587 1950 σφίσιν
606 1866 720 1950 ἐγγενὲς
747 1863 839 1944 ἔμμεν
863 1864 1032 1948 ἀεθληταῖς
1050 1868 1187 1953 clynici-

82 1976 134 2017 αιν.
178 1949 293 2015 Schol.
314 1953 355 2013 ad
371 1970 506 2013 sensum
526 1961 618 2013 recte
635 1951 733 2015 verba
749 1970 818 2011 noo
835 1952 1059 2016 adnumerans
1075 1977 1189 2041 expo.

83 2038 128 2100 uit
140 2035 331 2117 θαυμαστὸν
347 2034 437 2100 οὐδὲν
450 2032 594 2120 ἀγαθοὺς
615 2070 699 2082 —-
721 2040 905 2118 γεγενῆσθαι
923 2035 997 2111 τοὺς
1018 2038 1190 2123 προγόνους

84 2146 133 2187 οοο
147 2118 327 2207 ἀγωνιστάς.
370 2121 455 2184 Add.
469 2122 589 2183 lexico.
640 2120 707 2183 Pro
721 2124 921 2205 cognatione
936 2124 1055 2184 iuncto
1066 2139 1068 2144 ·
1081 2137 1132 2189 est
1151 2128 1187 2189 in

84 2203 176 2291 Soph.
195 2207 278 2271 Oed.
293 2206 373 2297 Tyr.
388 2205 538 2270 vs.1520.
558 2218 592 2268 et
605 2206 716 2289 Antig.
731 2207 876 2282 vs.670.‚
890 2208 948 2267 ubi
965 2222 1188 2314 opuonuntur

84 2290 117 2355 τιλ
130 2293 235 2376 ἐγγενῆ
252 2286 341 2377 φύσει
356 2303 389 2355 et
404 2291 434 2355 oi
451 2289 511 2367 ἴξιν
524 2288 645 2375 γένους,
669 2287 737 2372 eti}
756 2289 867 2367 δοῦλος
886 2288 1048 2375 ἢέγγενης.
1093 2294 1187 2359 idem

85 2374 160 2443 oet.
174 2376 258 2463 Tyr.
274 2397 322 2441 vs,
337 2379 428 2442 1189.
442 2377 584 2458 μέτοικος
602 2378 634 2463 ἐξ
650 2371 773 2461 ἐγγενής
788 2393 835 2441 vs,
846 2378 917 2443 460.
932 2391 969 2439 ut
983 2376 1067 2453 ξένος
1084 2391 1116 2443 et
1131 2382 1187 2465 ἐγ.

84 2460 161 2546 γειὴς
173 2460 290 2546 Eurip.
303 2462 374 2525 loo.
391 2480 440 2526 vs.
455 2465 545 2538 293,
565 2482 665 2545 quem
680 2472 714 2525 et
726 2459 792 2526 vid.
809 2462 845 2523 in
858 2458 983 2527 Electr.
999 2482 1043 2528 vs.
1059 2467 1131 2529 313.

153 2578 213 2642 Vs.
226 2576 308 2663 595„
335 2576 461 2641 Scribit
481 2574 595 2641 Schol.
609 2578 647 2640 Δ.
670 2574 718 2641 ὅτι
738 2571 754 2639 ὃ
771 2566 970 2662 Ἀμφιάραος
989 2612 1076 2627 ·—-
1096 2579 1187 2658 ελιλιλις

84 2697 156 2712 -·-
176 2661 368 2746 ὅτιν’λστερον
380 2663 460 2744 μετὰ
475 2662 616 2727 θάνατον
633 2660 719 2726 ἕσται
734 2663 881 2741 μαντείας
898 2661 1037 2747 ἐκφέρων
1048 2673 1114 2739 τοῖς
1126 2667 1185 2731 sl-
1284 2705 1288 2712 ·

84 2751 158 2815 λοναι
179 2758 267 2797 ·-'-
288 2751 365 2834 φησλ
383 2745 579 2831 μαχώμεθα,
607 2749 728 2830 quibus
746 2750 782 2809 io
800 2749 913 2810 verbis
929 2746 967 2809 H.
983 2747 1100 2832 steph.
1119 2753 1186 2816 sibi

83 2832 210 2919 dubium
224 2855 295 2898 non
310 2854 384 2898 esse
397 2835 571 2919 praedicat
590 2837 671 2916 quin
686 2829 867 2916 legendum
883 2836 928 2898 sit
941 2836 1083 2897 θανοῦσι.
1111 2836 1184 2901 Ad-

83 2910 216 2985 udieett
228 2917 351 2986 uellem
371 2938 436 3002 qua
453 2922 585 2982 ratione
602 2918 723 2980 ductus
739 2923 787 2978 ita
805 2920 981 2996 statuerit3
1013 2937 1085 2981 eam
1105 2941 1183 2984 cum

82 3003 227 3089 ἱροονοιο
240 3024 305 3075 uos
319 3002 486 3080 volueris
506 3025 569 3067 nec
584 3002 757 3067 videamus
774 3021 843 3084 quo
859 3013 967 3087 pactu
975 3006 1110 3070 θανοῦσι
1125 3004 1183 3070 lo-

82 3106 146 3153 cum
163 3068 281 3155 sorliri
300 3093 428 3174 possit,
452 3090 581 3154 θέλουσι
599 3090 784 3171 accipimus
805 3105 871 3173 pro
883 3089 1087 3170 quibuslibet,
1118 3112 1183 3155 uec

80 3175 273 3259 movendum
288 3176 486 3240 iudicamus.
537 3174 574 3235 ln
596 3175 708 3236 verbis
725 3164 841 3239 Schol.
856 3171 895 3237 B.
914 3172 958 3234 ad
971 3192 1107 3255 versum
1123 3179 1182 3260 qui

80 3265 223 3345 proxime
238 3263 423 3349 praecessit
434 3259 455 3324 1.
469 3251 680 3334 κατοῖκευθείς.

148 3396 210 3460 VS·
223 3393 297 3458 598·
341 3406 384 3464 Oi
402 3408 457 3482 γὰρ
478 3408 574 3465 δοκεῖν
590 3403 717 3483 ἄριστος,
739 3401 807 3461 ἀλλ’
828 3398 900 3458 εἶναι
916 3404 1004 3471 θέλει,

338 3499 467 3550 Βαθεῖαν
483 3491 574 3549 ἄλοκα
597 3491 645 3548 διὰ
666 3488 770 3565 φρενὸς
787 3482 989 3561 καρπούμενος.

77 3594 185 3662 Suidas
199 3599 234 3659 in
251 3618 279 3662 v.
295 3597 429 3677 δίκαιος,
452 3593 551 3661 Plato
564 3594 624 3661 lib.
643 3594 683 3657 ll.
706 3594 748 3657 de
763 3591 846 3677 Rep.
860 3612 893 3673 p.
909 3591 979 3654 423.
996 3589 1028 3652 d.
1044 3589 1089 3673 [p.
1104 3589 1176 3652 862.

76 3684 138 3746 cb.
152 3681 217 3767 St]
236 3692 270 3745 et
288 3680 374 3744 Plut.
388 3686 422 3743 in
439 3679 569 3745 Pericle
609 3730 616 3741 .
634 3683 705 3743 320.
721 3677 783 3741 hos
800 3673 815 3763 Η
829 3695 947 3739 versus
970 3679 1111 3738 citantes
1126 3672 1237 3742 lte-115

75 3782 147 3850 gont
167 3769 286 3840 δίκαιος
306 3788 372 3852 pro
393 3766 531 3851 ἄριστος.
585 3704 691 3833 iinde
712 3776 824 3827 tamen
847 3781 915 3823 ooo
942 3758 1102 3820 inferrem
1128 3756 1177 3820 sic

76 3871 140 3930 eos,
167 3864 269 3933 atque
283 3850 383 3915 aliter
400 3872 500 3936 quam
516 3870 579 3915 nos
596 3854 760 3935 scriptum
777 3847 955 3913 invenisse.
1001 3841 1061 3904 Est
1084 3846 1176 3907 enim

75 3940 146 4001 saus
164 3939 303 4004 obvium
321 3937 389 3999 hoc
408 3937 625 4024 parodiarum
644 3951 768 4020 genus,
803 3951 872 4016 quo
893 3931 1033 3993 servatis
1054 3927 1176 3992 iisdem

75 4035 238 4087 auctorum
253 4016 385 4101 verbis‚'
402 4043 467 4086 una
483 4033 614 4086 tantum
627 4039 710 4086 voce
724 4023 915 4092 immutata,
938 4024 995 4073 aut
1009 4008 1074 4073 alia
1092 4015 1175 4076 sub·

75 4112 198 4184 stituta,
231 4127 351 4172 sensus
374 4106 442 4170 alio
464 4109 707 4190 detorquetur,
743 4103 784 4165 de
809 4110 879 4185 quo
897 4098 960 4161 vid.
982 4097 1024 4159 ad
1039 4096 1174 4161 Petron.

75 4198 176 4258 c112.
200 4192 323 4279 Cuper.
346 4207 379 4256 et
401 4216 501 4277 quern
524 4190 637 4254 laudat
657 4190 813 4271 Rutgers.
836 4182 892 4245 lib.
912 4184 948 4243 ll.
974 4183 1050 4244 Var.
1077 4181 1173 4248 Lect
1245 4213 1250 4224 ·

75 4282 135 4340 αλ.
184 4277 286 4342 Dices
306 4279 394 4342 forte
415 4284 451 4341 in
470 4276 609 4340 Platone
631 4286 664 4339 et
678 4270 863 4338 Plutarcho
884 4280 959 4332 utut
975 4267 1065 4329 istud
1085 4289 1172 4331 corr-

75 4363 202 4427 cedatur
216 4362 364 4441 fectum,
392 4367 427 4429 in
443 4362 548 4431 Suida
560 4374 675 4427 tamen
693 4362 750 4427 rix
763 4374 866 4503 γοεὲε
879 4356 1031 4435 admitti,
1061 4350 1172 4420 fateor

107 4448 239 4514 Votil.
