2618 4792
343 192 940 305 insonsnnrnriffiona
1144 230 1196 305 ao
1285 304 1290 312 „

86 400 215 463 illorum
227 399 389 481 sentiaris,
411 409 446 462 et
459 399 687 486 sioexprestit
700 404 822 466 versio.
851 398 986 465 Dehine
996 416 1040 463 ne
1053 393 1195 467 dubium

86 492 212 563 restet,
234 502 276 545 en
291 481 407 567 plures
420 485 479 567 qui
491 484 544 547 ίιιί
554 504 616 571 pro
625 490 669 557 -de
681 506 757 546 curn
775 486 855 549 casti
868 489 971 550 tertio
985 498 1195 552 construxe-
1252 558 1254 563 ,

87 576 184 631 runt:
218 564 360 632 Aristid.
383 567 478 631 Torn.
493 567 531 629 ll.
554 590 587 652 p.
612 572 659 631 18.
681 566 723 643 ὥς
740 571 790 633 ἰαί
810 575 994 652 πραχθεῖσιν
1014 572 1114 634 elusit.
1157 583 1193 637 et

86 672 121 737 p.
137 652 208 715 114.
231 649 277 715 ἔνι’
302 649 489 736 ἀμφοτέροις
510 652 605 717 {aaran
619 653 704 735 λίνω.
746 653 913 723 ‚Philostn
935 656 1003 717 Vit.
1023 652 1135 740 Apoll.
1154 659 1192 720 in

86 730 201 823 lirino.
218 733 292 800 τάδε
306 735 351 801 lu'
374 734 459 822 αὐτῷ
472 759 576 819 φασιν.
626 737 789 802 Τίνενηῑοῒ.
805 753 886 804 orat.
902 739 1007 803 XXll.
1027 756 1059 823 p.
1074 740 1145 803 270.
1163 761 1192 804 c.
1244 768 1250 777 ’

88 818 126 887 etl
141 816 348 904 ,τοῦὉμὴρον
362 820 443 885 πολι)
458 820 497 885 ἂν
507 817 706 906 ἀραροίτερον
721 823 844 887 ἐπὶτῶν
860 826 958 909 φίλων
971 822 1074 905 λέγειν,
1089 821 1110 906 ἢ
1128 832 1194 898 τοῖς

89 901 252 991 λοφὶίροις.
282 904 347 969 llio
360 904 552 970 llarduinns
567 903 686 970 melius
700 904 774 970 fore
786 912 833 971 ait
848 914 876 972 si
890 909 1019 992 legatur
1034 906 1054 990 ἢ
1068 910 1116 972 ἐπὶ
1130 913 1195 974 τῶν

87 986 248 1075 λαφύρων.
267 993 343 1073 qnia
359 992 518 1053 nimirum
533 993 733 1077 opinabatur
746 993 961 1073 vir-eruditus
978 1010 1096 1078 parum
1110 1013 1194 1081 pro·
1228 1058 1232 1065 ,

91 1074 212 1140 sedere
228 1073 394 1163 datillvurn
408 1076 563 1139 iunctum
584 1094 660 1140 cum
676 1079 834 1159 genitivo.
882 1077 926 1140 Et
939 1075 1030 1141 hunc
1046 1079 1254 1167 ampo-149

90 1154 182 1237 inm,
202 1178 359 1242 nequem
374 1162 409 1239 in
424 1172 597 1250 posterum
615 1172 747 1245 carpat,
777 1158 958 1225 evellemus
973 1162 1116 1226 dicendo
1131 1181 1195 1226 σοι

91 1244 292 1327 iussumque
312 1247 445 1330 generis
467 1245 598 1311 diversa
618 1254 693 1308 tuto
715 1248 837 1328 ubique
857 1242 1028 1335 copulari,
1062 1252 1196 1331 quoties

91 1344 159 1395 vox
178 1346 301 1415 regens
322 1326 437 1411 plures
456 1329 603 1393 admittit
623 1334 910 1412 constructiones3
973 1333 1099 1394 namin
1123 1328 1196 1395 r'ent
1265 1398 1277 1422 ι

92 1412 271 1478 innumera
289 1411 424 1477 adferre
440 1434 576 1503 possem
582 1434 591 1495 3
622 1412 682 1480 sed
697 1419 832 1500 paucis,
861 1351 1027 1498 quaelruc
1039 1420 1197 1501 inprimis

92 1500 265 1585 pertinere
284 1499 448 1576 arbitror,
475 1498 647 1584 defungar.
694 1499 859 1565 Herodot.
880 1501 937 1564 lib.
955 1502 1011 1575 Vl.
1031 1522 1057 1565 ο.
1075 1504 1125 1565 98.
1148 1501 1199 1568 tut

94 1582 232 1667 Δαρείου
252 1618 336 1634 -—-
354 1583 471 1666 ἐγένετο
484 1583 566 1648 πλέον
580 1582 659 1648 κακὰ
672 1591 711 1673 τῇ
723 1582 866 1666 Ἑλλάδι,
898 1584 978 1671 illul
994 1582 1088 1651 εἴκοσι
1094 1582 1201 1661 ,ittae

91 1667 196 1751 γενεὰς
209 1665 268 1743 τὰς
279 1666 340 1753 πρὸ
354 1668 492 1752 Δαρείου
502 1669 673 1753 γινομίνας.
721 1670 844 1734 Anton.
858 1670 969 1736 Liber.
986 1693 1012 1734 o.
1028 1672 1117 1736 XIV.
1137 1670 1199 1735 ult.

92 1752 206 1819 ιίθνια
227 1753 261 1816 δὲ
287 1751 402 1839 ἐγένετο
422 1753 507 1841 πρὸς,
520 1756 629 1836 λίμνας
648 1779 681 1819 τε
699 1755 750 1817 καὶ
770 1751 929 1841 θαλάσσῃ.
989 1756 1032 1818 Et
1053 1753 1110 1820 hio
1127 1754 1201 1819 'lool

88 1840 205 1921 ίίιινας
224 1858 292 1901 non
315 1841 427 1924 potuit
447 1837 537 1903 ferre
550 1840 718 1903 editorum
736 1837 918 1901 calculum:
952 1861 1094 1922 cumque
1114 1840 1203 1903 Ber·

86 1918 206 2003 laelios
229 1925 265 1984 in
286 1927 377 2001 notis
398 1933 576 1986 monuerat
593 1922 657 2009 leg.
671 1924 810 2002 λίμναις,
839 1923 930 1987 hunc
948 1923 1203 2001 sedutusMunf
1270 1936 1274 1945 '

85 2002 167 2073 ker.
188 2012 372 2072 temerario
389 2026 473 2071 ausu
492 2008 528 2071 id
546 2012 659 2094 ipsum
679 2010 713 2069 in
745 2018 942 2071 contextum
967 2010 1120 2085 admisit,
1155 2013 1204 2073 ita

136 2088 309 2166 stulante.
331 2101 369 2167 ut
383 2105 496 2179 putat,
518 2095 663 2182 syntaxi.
686 2091 807 2155 Achill.
822 2093 896 2155 Tat.
910 2092 970 2159 lib.
984 2094 1076 2156 Vlll.
1090 2115 1121 2178 p.
1129 2093 1203 2157 507.

158 2177 233 2252 185,
250 2180 278 2240 9.
292 2176 370 2263 Iao]
391 2176 448 2258 οὐχ
465 2175 526 2241 ὖιιό
550 2174 715 2260 σάλπιγγος
730 2174 827 2257 μόνον
847 2177 992 2243 ἀλλὰκαὶ
1010 2175 1118 2261 κήρυκι
1130 2192 1205 2260 μοι’·

81 2261 226 2347 χώεται.
248 2261 305 2325 ubi
320 2265 360 2325 ab
381 2265 536 2350 principe
553 2261 761 2327 eruditorum
776 2261 892 2325 itidem
912 2261 1036 2326 nollem
1048 2260 1107 2327 ὑπὸ
1125 2258 1206 2328 odi·

81 2360 175 2433 ιιργι
188 2345 427 2411 antehabitum.
472 2345 548 2410 Vid.
566 2350 706 2410 omnino
723 2345 862 2432 ltaphel.
877 2349 918 2410 ad
931 2348 1013 2411 Luc.
1028 2369 1055 2412 o.
1069 2348 1091 2411 l.
1099 2366 1147 2414 vs.
1154 2348 1205 2416 54.

81 2452 136 2501 ox
154 2428 312 2518 Polybio
362 2428 469 2495 Plaut.
481 2432 576 2497 Asin.
587 2432 644 2511 lll,
658 2438 688 2510 9.,
702 2436 753 2493 31.
774 2446 809 2495 ut
825 2457 931 2517 meque
944 2447 1031 2518 teque
1048 2448 1141 2518 atque
1154 2441 1208 2495 in-

81 2521 185 2601 genio
208 2529 315 2580 nostro
335 2521 445 2581 decicit.
481 2518 573 2598 quod
595 2537 659 2580 nec
676 2520 789 2600 ipsum
813 2516 974 2581 adversus
1005 2516 1208 2582 emendandi

81 2604 266 2689 impetum
289 2605 395 2688 magis
419 2611 531 2665 tutum
551 2600 635 2678 fuit,
667 2620 767 2683 quarn
796 2599 861 2665 boc
878 2602 950 2666 Liv.
973 2598 1031 2665 lib.
1047 2603 1088 2664 V.
1111 2619 1137 2664 c.
1155 2607 1207 2666 11.

81 2692 225 2773 plenram
244 2691 405 2749 vulnerum
430 2710 468 2749 ao
487 2709 612 2770 pavore.
671 2685 797 2750 Noster
817 2689 851 2747 in
874 2689 1063 2750 continenti
1078 2683 1209 2769 ίρξάτην

86 2772 241 2844 πολίταις
257 2770 350 2844 ξίνοιν
368 2795 401 2835 τε
421 2771 536 2852 στίχας.
579 2771 638 2832 ubi
652 2770 721 2876 vid,
734 2767 853 2876 schol.
866 2770 904 2833 B.
924 2775 958 2833 in
980 2776 1076 2835 cuius
1096 2774 1208 2837 verbio

84 2852 1208 3026 titillatltittiitltttili‘t..dissiliit

89 3022 263 3111 Expedit.
275 3023 371 3089 Alex.
383 3024 441 3090 lib.
458 3023 530 3088 Vll.
550 3043 577 3088 c.
594 3025 623 3086 6.
638 3022 681 3104 *).

554 3253 633 3323 Car.
656 3252 760 3319 XXll.
1086 3261 1090 3319 ἶ
1220 3278 1271 3339 150

150 3370 154 3377 ι
188 3386 248 3452 VS·
264 3385 337 3454 956.
378 3400 450 3459 Ὑπὸ
468 3403 501 3459 δὲ
519 3396 629 3476 σώματι
648 3404 702 3489 γᾶς

140 3502 144 3509 ’
384 3493 510 3552 Πλοῦτος
527 3488 648 3569 ἅβοοσος
665 3491 752 3545 ἔσται.

98 3591 198 3668 σῶμα
215 3590 273 3672 γᾶς
289 3586 378 3652 dixit
397 3596 643 3675 περιφραοτικῶς
662 3594 726 3677 pro
749 3588 799 3674 γῆ.
853 3582 902 3655 Ut
923 3584 1019 3670 δίμας
1036 3585 1154 3655 οίκίτου
1175 3588 1213 3654 in

100 3670 213 3758 Sopb.
236 3670 359 3738 Traoh.
380 3692 426 3739 vs.
440 3679 513 3738 925.
571 3672 671 3737 Conf.
700 3668 840 3736 Casaub.
864 3674 1018 3737 Animad.
1039 3678 1075 3737 in
1089 3674 1212 3739 Athen.

97 3755 163 3821 lib.
179 3755 219 3819 V.
238 3777 266 3822 o.
283 3761 332 3820 10.
352 3767 385 3821 et
397 3755 529 3841 σώματα
544 3762 659 3844 νεκρῶν
671 3760 704 3819 in
720 3758 803 3823 Euri
829 3803 837 3821 .
853 3756 975 3821 'l'road
992 3778 1038 3823 vs.
1054 3764 1102 3822 91.
1120 3770 1152 3822 et
1164 3764 1214 3825 sio

98 3842 179 3907 Lat.
197 3863 319 3925 corpus.
362 3842 448 3907 Mox
464 3862 511 3909 va.
526 3847 599 3907 961.
615 3847 650 3905 in
667 3838 781 3905 Schol.
797 3779 834 3905 ll.
849 3838 906 3904 lin.
924 3846 972 3904 10.
992 3841 1016 3905 f.
1033 3836 1095 3927 leg.
1118 3840 1215 3931 ὓπερ-

99 3924 300 4009 βαλλομίνην
315 3928 355 3991 τὰ
368 3933 494 4013 προτοῦ.
536 3929 625 3992 Ante
639 3925 714 3992 dion
727 3930 783 3990 τοῦ
797 3926 901 4011 γίνους
915 3924 968 3988 vel
984 3925 1079 3991 deest
1090 3949 1216 4009 nomen
1258 3964 1268 4003 ,-

102 4008 200 4075 unde
216 4009 366 4096 pendent
385 4015 420 4074 hi
437 4015 594 4099 genitivi,
623 4012 714 4095 quod
736 4011 833 4094 quale
853 4011 957 4075 luerit
970 4028 1060 4074 nuno
1076 4033 1144 4077 non
1160 4012 1216 4077 di·

102 4098 205 4175 vino;
232 4092 288 4159 vel
299 4094 362 4181 leg.
385 4100 436 4160 nal
456 4096 529 4162 ὅλον
544 4097 579 4164 τὸ
594 4100 681 4182 γένος
695 4094 798 4161 αὐτοῦ.
840 4096 878 4158 ln
893 4094 1012 4159 eodem
1027 4098 1068 4161 ad
1082 4114 1128 4164 vo.
1142 4103 1215 4166 981.

102 4268 335 4289 m

143 4385 174 4456 ⁶)
191 4386 230 4442 Et
244 4388 344 4445 norm.
358 4386 397 4445 nti
411 4386 473 4447 Vel.
487 4389 568 4448 Flac.
580 4386 632 4448 lib.
649 4386 699 4445 Vi.
717 4402 758 4447 ιν.
772 4382 814 4445 16.
827 4340 913 4526 Ρ[Δίῖῑὶ
919 4384 952 4445 D.
967 4400 997 4463 ρ.
1007 4386 1080 4458 652]
1122 4436 1137 4467 ,

895 4530 907 4565 i
